<?xml version="1.0" encoding="UTF-8"?>
<!DOCTYPE html PUBLIC "-//W3C//DTD XHTML 1.0 Transitional//EN"
    "http://www.w3.org/TR/xhtml1/DTD/xhtml1-transitional.dtd">
<html xmlns="http://www.w3.org/1999/xhtml" xml:lang="en" lang="en">
 <head>
  <title>
</title>
<meta http-equiv="Content-Type" content="text/html;charset=utf-8" />
  <meta name='ocr-system' content='tesseract 3.04.00' />
  <meta name='ocr-capabilities' content='ocr_page ocr_carea ocr_par ocr_line ocrx_word'/>
</head>
<body>
  <div class='ocr_page' id='page_1' title='image "./cplinisecundiep01plingoog_0155.png"; bbox 0 0 2512 3870; ppageno 0'>
   <div class='ocr_carea' id='block_1_1' title="bbox 512 193 763 246">
    <p class='ocr_par' dir='ltr' id='par_1_1' title="bbox 512 193 763 246">
     <span class='ocr_line' id='line_1_1' title="bbox 512 193 763 246; baseline -0.008 0"><span class='ocrx_word' id='word_1_1' title='bbox 512 216 517 224; x_wconf 52' lang='lat'>¹</span> <span class='ocrx_word' id='word_1_2' title='bbox 576 193 606 246; x_wconf 80' lang='lat'><strong>0.</strong></span> <span class='ocrx_word' id='word_1_3' title='bbox 626 195 727 245; x_wconf 71' lang='lat' dir='ltr'><strong>Pulnl</strong></span> <span class='ocrx_word' id='word_1_4' title='bbox 759 213 763 224; x_wconf 74' lang='lat'><strong><em>¹</em></strong></span> 
     </span>
    </p>
   </div>
   <div class='ocr_carea' id='block_1_2' title="bbox 523 370 529 378">
    <p class='ocr_par' dir='ltr' id='par_1_2' title="bbox 523 370 529 378">
     <span class='ocr_line' id='line_1_2' title="bbox 523 370 529 378; baseline 0 0"><span class='ocrx_word' id='word_1_5' title='bbox 523 370 529 378; x_wconf 76' lang='grc' dir='ltr'><em>ι</em></span> 
     </span>
    </p>
   </div>
   <div class='ocr_carea' id='block_1_3' title="bbox 539 400 768 481">
    <p class='ocr_par' dir='ltr' id='par_1_3' title="bbox 539 400 768 481">
     <span class='ocr_line' id='line_1_3' title="bbox 539 400 768 481; baseline -0.013 -18"><span class='ocrx_word' id='word_1_6' title='bbox 539 402 592 463; x_wconf 85' lang='lat'><strong>9⁷.</strong></span> <span class='ocrx_word' id='word_1_7' title='bbox 620 400 768 481; x_wconf 79' lang='lat' dir='ltr'><strong>(xxiv.)</strong></span> 
     </span>
    </p>
   </div>
   <div class='ocr_carea' id='block_1_4' title="bbox 370 550 1023 613">
    <p class='ocr_par' dir='ltr' id='par_1_4' title="bbox 370 550 1023 613">
     <span class='ocr_line' id='line_1_4' title="bbox 370 550 1023 613; baseline 0.006 -3"><span class='ocrx_word' id='word_1_8' title='bbox 370 559 401 610; x_wconf 87' lang='lat' dir='ltr'><strong>C.</strong></span> <span class='ocrx_word' id='word_1_9' title='bbox 421 550 570 610; x_wconf 73' lang='lat' dir='ltr'>PLINIUS</span> <span class='ocrx_word' id='word_1_10' title='bbox 593 559 792 610; x_wconf 80' lang='lat' dir='ltr'>SABINIANO</span> <span class='ocrx_word' id='word_1_11' title='bbox 816 560 883 611; x_wconf 85' lang='lat' dir='ltr'><strong>SUO</strong></span> <span class='ocrx_word' id='word_1_12' title='bbox 906 560 933 613; x_wconf 84' lang='lat' dir='ltr'><strong>S.</strong></span> <span class='ocrx_word' id='word_1_13' title='bbox 1020 572 1023 577; x_wconf 85' lang='lat'>&#39;</span> 
     </span>
    </p>
   </div>
   <div class='ocr_carea' id='block_1_5' title="bbox 295 707 1014 771">
    <p class='ocr_par' dir='ltr' id='par_1_5' title="bbox 295 707 1014 771">
     <span class='ocr_line' id='line_1_5' title="bbox 295 707 1014 771; baseline 0 -13"><span class='ocrx_word' id='word_1_14' title='bbox 295 707 404 758; x_wconf 73' lang='lat' dir='ltr'><strong>Succosa</strong></span> <span class='ocrx_word' id='word_1_15' title='bbox 417 709 449 770; x_wconf 83' lang='lat' dir='ltr'><strong>cs</strong></span> <span class='ocrx_word' id='word_1_16' title='bbox 457 708 564 769; x_wconf 78' lang='lat' dir='ltr'><strong>Pliuy’s</strong></span> <span class='ocrx_word' id='word_1_17' title='bbox 577 709 748 758; x_wconf 81' lang='lat' dir='ltr'><strong>taterccssloa</strong></span> <span class='ocrx_word' id='word_1_18' title='bbox 754 708 803 771; x_wconf 76' lang='lat' dir='ltr'><strong>sor</strong></span> <span class='ocrx_word' id='word_1_19' title='bbox 815 709 857 758; x_wconf 81' lang='lat' dir='ltr'><strong>tte</strong></span> <span class='ocrx_word' id='word_1_20' title='bbox 863 709 1014 770; x_wconf 83' lang='lat' dir='ltr'><strong>srecdmca.</strong></span> 
     </span>
    </p>
   </div>
   <div class='ocr_carea' id='block_1_6' title="bbox 119 852 1190 1666">
    <p class='ocr_par' dir='ltr' id='par_1_6' title="bbox 154 852 1190 1247">
     <span class='ocr_line' id='line_1_6' title="bbox 194 852 1190 930; baseline 0.001 -18"><span class='ocrx_word' id='word_1_21' title='bbox 194 854 280 912; x_wconf 90' lang='lat' dir='ltr'><strong>Bene</strong></span> <span class='ocrx_word' id='word_1_22' title='bbox 301 852 407 913; x_wconf 78' lang='lat' dir='ltr'><strong>fecisti</strong></span> <span class='ocrx_word' id='word_1_23' title='bbox 428 854 511 930; x_wconf 89' lang='lat' dir='ltr'><strong>quod</strong></span> <span class='ocrx_word' id='word_1_24' title='bbox 531 853 678 912; x_wconf 89' lang='lat' dir='ltr'><strong>libertum</strong></span> <span class='ocrx_word' id='word_1_25' title='bbox 692 852 861 930; x_wconf 91' lang='lat' dir='ltr'><strong>aliquando</strong></span> <span class='ocrx_word' id='word_1_26' title='bbox 875 852 935 912; x_wconf 90' lang='lat' dir='ltr'><strong>tibi</strong></span> <span class='ocrx_word' id='word_1_27' title='bbox 949 871 1056 912; x_wconf 89' lang='lat' dir='ltr'><strong>carum</strong></span> <span class='ocrx_word' id='word_1_28' title='bbox 1070 854 1158 914; x_wconf 88' lang='lat' dir='ltr'><strong>redu·</strong></span> <span class='ocrx_word' id='word_1_29' title='bbox 1177 879 1190 925; x_wconf 94' lang='lat'>1</span> 
     </span>
     <span class='ocr_line' id='line_1_7' title="bbox 154 957 1154 1036; baseline -0.001 -18"><span class='ocrx_word' id='word_1_30' title='bbox 154 959 297 1018; x_wconf 81' lang='lat' dir='ltr'>centibus</span> <span class='ocrx_word' id='word_1_31' title='bbox 319 958 464 1036; x_wconf 79' lang='lat' dir='ltr'>epistulis</span> <span class='ocrx_word' id='word_1_32' title='bbox 486 957 564 1017; x_wconf 88' lang='lat' dir='ltr'><strong>rucis</strong></span> <span class='ocrx_word' id='word_1_33' title='bbox 586 958 619 1016; x_wconf 92' lang='lat' dir='ltr'><strong>in</strong></span> <span class='ocrx_word' id='word_1_34' title='bbox 640 958 775 1033; x_wconf 90' lang='lat' dir='ltr'><strong>domum,</strong></span> <span class='ocrx_word' id='word_1_35' title='bbox 791 957 824 1016; x_wconf 91' lang='lat' dir='ltr'><strong>in</strong></span> <span class='ocrx_word' id='word_1_36' title='bbox 838 957 976 1016; x_wconf 90' lang='lat' dir='ltr'><strong>animum</strong></span> <span class='ocrx_word' id='word_1_37' title='bbox 999 959 1154 1036; x_wconf 77' lang='lat' dir='ltr'><strong>recepisti.</strong></span> 
     </span>
     <span class='ocr_line' id='line_1_8' title="bbox 154 1063 1156 1140; baseline 0.001 -18"><span class='ocrx_word' id='word_1_38' title='bbox 154 1063 282 1123; x_wconf 88' lang='lat' dir='ltr'><strong>Iurabit</strong></span> <span class='ocrx_word' id='word_1_39' title='bbox 303 1063 361 1122; x_wconf 91' lang='lat' dir='ltr'><strong>hoc</strong></span> <span class='ocrx_word' id='word_1_40' title='bbox 381 1069 429 1124; x_wconf 87' lang='lat' dir='ltr'><strong>tc:</strong></span> <span class='ocrx_word' id='word_1_41' title='bbox 459 1081 508 1121; x_wconf 90' lang='lat' dir='ltr'><strong>rue</strong></span> <span class='ocrx_word' id='word_1_42' title='bbox 529 1069 612 1122; x_wconf 88' lang='lat' dir='ltr'><strong>certe</strong></span> <span class='ocrx_word' id='word_1_43' title='bbox 634 1063 738 1138; x_wconf 81' lang='lat' dir='ltr'><strong>iuvat3</strong></span> <span class='ocrx_word' id='word_1_44' title='bbox 763 1063 908 1140; x_wconf 90' lang='lat' dir='ltr'><strong>primum,</strong></span> <span class='ocrx_word' id='word_1_45' title='bbox 931 1063 1015 1140; x_wconf 92' lang='lat' dir='ltr'><strong>quod</strong></span> <span class='ocrx_word' id='word_1_46' title='bbox 1036 1068 1068 1123; x_wconf 89' lang='lat' dir='ltr'><strong>te</strong></span> <span class='ocrx_word' id='word_1_47' title='bbox 1089 1069 1156 1123; x_wconf 91' lang='lat' dir='ltr'><strong>tam</strong></span> 
     </span>
     <span class='ocr_line' id='line_1_9' title="bbox 154 1164 1157 1247; baseline 0.001 -20"><span class='ocrx_word' id='word_1_48' title='bbox 154 1168 350 1228; x_wconf 75' lang='lat' dir='ltr'><strong>tractabilem</strong></span> <span class='ocrx_word' id='word_1_49' title='bbox 378 1168 470 1226; x_wconf 86' lang='lat' dir='ltr'><strong>rideo</strong></span> <span class='ocrx_word' id='word_1_50' title='bbox 497 1174 533 1227; x_wconf 96' lang='lat' dir='ltr'><strong>ut</strong></span> <span class='ocrx_word' id='word_1_51' title='bbox 562 1168 595 1226; x_wconf 90' lang='lat' dir='ltr'><strong>in</strong></span> <span class='ocrx_word' id='word_1_52' title='bbox 623 1164 679 1227; x_wconf 70' lang='lat' dir='ltr'><strong>ira&#39;</strong></span> <span class='ocrx_word' id='word_1_53' title='bbox 697 1169 763 1243; x_wconf 88' lang='lat' dir='ltr'><strong>regi</strong></span> <span class='ocrx_word' id='word_1_54' title='bbox 790 1168 901 1247; x_wconf 91' lang='lat' dir='ltr'><strong>possis,</strong></span> <span class='ocrx_word' id='word_1_55' title='bbox 927 1168 1050 1243; x_wconf 89' lang='lat' dir='ltr'><strong>deinde,</strong></span> <span class='ocrx_word' id='word_1_56' title='bbox 1072 1168 1157 1246; x_wconf 90' lang='lat' dir='ltr'><strong>quod</strong></span> 
     </span>
    </p>

    <p class='ocr_par' dir='ltr' id='par_1_7' title="bbox 119 1273 1157 1666">
     <span class='ocr_line' id='line_1_10' title="bbox 119 1273 1155 1351; baseline 0 -18"><span class='ocrx_word' id='word_1_57' title='bbox 119 1278 277 1334; x_wconf 75' lang='lat' dir='ltr'><strong>stantum</strong></span> <span class='ocrx_word' id='word_1_58' title='bbox 299 1273 377 1331; x_wconf 90' lang='lat' dir='ltr'><strong>mihi</strong></span> <span class='ocrx_word' id='word_1_59' title='bbox 398 1273 511 1332; x_wconf 85' lang='lat' dir='ltr'><strong>tribuis</strong></span> <span class='ocrx_word' id='word_1_60' title='bbox 533 1279 570 1332; x_wconf 94' lang='lat' dir='ltr'><strong>ut</strong></span> <span class='ocrx_word' id='word_1_61' title='bbox 590 1273 640 1332; x_wconf 88' lang='lat' dir='ltr'><strong>vel</strong></span> <span class='ocrx_word' id='word_1_62' title='bbox 662 1273 842 1333; x_wconf 87' lang='lat' dir='ltr'><strong>auctoritati</strong></span> <span class='ocrx_word' id='word_1_63' title='bbox 866 1292 953 1342; x_wconf 84' lang='lat' dir='ltr'><strong>meae</strong></span> <span class='ocrx_word' id='word_1_64' title='bbox 974 1292 1083 1351; x_wconf 90' lang='lat' dir='ltr'><strong>pareas</strong></span> <span class='ocrx_word' id='word_1_65' title='bbox 1105 1274 1155 1333; x_wconf 89' lang='lat' dir='ltr'><strong>vel</strong></span> 
     </span>
     <span class='ocr_line' id='line_1_11' title="bbox 155 1357 1156 1456; baseline 0.001 -20"><span class='ocrx_word' id='word_1_66' title='bbox 155 1378 298 1456; x_wconf 88' lang='lat' dir='ltr'><strong>precibus</strong></span> <span class='ocrx_word' id='word_1_67' title='bbox 314 1378 483 1454; x_wconf 88' lang='lat' dir='ltr'><strong>indulgeas.</strong></span> <span class='ocrx_word' id='word_1_68' title='bbox 526 1378 630 1453; x_wconf 84' lang='lat' dir='ltr'><strong>Igitur</strong></span> <span class='ocrx_word' id='word_1_69' title='bbox 647 1378 740 1437; x_wconf 90' lang='lat' dir='ltr'><strong>laudo</strong></span> <span class='ocrx_word' id='word_1_70' title='bbox 761 1384 792 1437; x_wconf 91' lang='lat' dir='ltr'><strong>et</strong></span> <span class='ocrx_word' id='word_1_71' title='bbox 812 1357 929 1454; x_wconf 84' lang='lat' dir='ltr'><strong>gratias</strong></span> <span class='ocrx_word' id='word_1_72' title='bbox 944 1397 1009 1455; x_wconf 88' lang='lat' dir='ltr'><strong>ago.</strong></span> <span class='ocrx_word' id='word_1_73' title='bbox 1053 1378 1156 1438; x_wconf 84' lang='lat' dir='ltr'><strong>Simul</strong></span> 
     </span>
     <span class='ocr_line' id='line_1_12' title="bbox 155 1483 1157 1560; baseline 0.001 -18"><span class='ocrx_word' id='word_1_74' title='bbox 155 1483 188 1542; x_wconf 92' lang='lat' dir='ltr'><strong>in</strong></span> <span class='ocrx_word' id='word_1_75' title='bbox 203 1489 359 1560; x_wconf 88' lang='lat' dir='ltr'><strong>posterum</strong></span> <span class='ocrx_word' id='word_1_76' title='bbox 382 1502 492 1542; x_wconf 84' lang='lat' dir='ltr'><strong>moneo</strong></span> <span class='ocrx_word' id='word_1_77' title='bbox 513 1490 548 1543; x_wconf 93' lang='lat' dir='ltr'><strong>ut</strong></span> <span class='ocrx_word' id='word_1_78' title='bbox 568 1490 600 1542; x_wconf 89' lang='lat' dir='ltr'><strong>te</strong></span> <span class='ocrx_word' id='word_1_79' title='bbox 621 1484 776 1543; x_wconf 90' lang='lat' dir='ltr'><strong>erroribus</strong></span> <span class='ocrx_word' id='word_1_80' title='bbox 791 1489 924 1559; x_wconf 88' lang='lat' dir='ltr'><strong>tuorum,</strong></span> <span class='ocrx_word' id='word_1_81' title='bbox 940 1483 1001 1544; x_wconf 91' lang='lat' dir='ltr'><strong>etsi</strong></span> <span class='ocrx_word' id='word_1_82' title='bbox 1015 1502 1079 1543; x_wconf 90' lang='lat' dir='ltr'><strong>non</strong></span> <span class='ocrx_word' id='word_1_83' title='bbox 1091 1484 1157 1543; x_wconf 86' lang='lat' dir='ltr'><strong>fue·</strong></span> 
     </span>
     <span class='ocr_line' id='line_1_13' title="bbox 154 1587 964 1666; baseline 0.001 -19"><span class='ocrx_word' id='word_1_84' title='bbox 154 1588 197 1647; x_wconf 86' lang='lat' dir='ltr'><strong>rit</strong></span> <span class='ocrx_word' id='word_1_85' title='bbox 211 1588 266 1666; x_wconf 92' lang='lat' dir='ltr'><strong>qui</strong></span> <span class='ocrx_word' id='word_1_86' title='bbox 281 1589 472 1666; x_wconf 84' lang='lat' dir='ltr'><strong>deprecetur,</strong></span> <span class='ocrx_word' id='word_1_87' title='bbox 488 1588 673 1666; x_wconf 86' lang='lat' dir='ltr'><strong>placabilem</strong></span> <span class='ocrx_word' id='word_1_88' title='bbox 688 1594 834 1666; x_wconf 87' lang='lat' dir='ltr'><strong>praestes.</strong></span> <span class='ocrx_word' id='word_1_89' title='bbox 877 1587 964 1650; x_wconf 84' lang='lat' dir='ltr'><strong>Vale.</strong></span> 
     </span>
    </p>
   </div>
   <div class='ocr_carea' id='block_1_7' title="bbox 521 1764 790 1901">
    <p class='ocr_par' dir='ltr' id='par_1_8' title="bbox 521 1764 790 1901">
     <span class='ocr_line' id='line_1_14' title="bbox 521 1764 790 1901; baseline -0.011 -32"><span class='ocrx_word' id='word_1_90' title='bbox 521 1807 573 1869; x_wconf 84' lang='lat' dir='ltr'><strong>ss.</strong></span> <span class='ocrx_word' id='word_1_91' title='bbox 601 1764 790 1901; x_wconf 62' lang='lat' dir='ltr'><strong>(isurun)</strong></span> 
     </span>
    </p>
   </div>
   <div class='ocr_carea' id='block_1_8' title="bbox 260 1920 913 2020">
    <p class='ocr_par' dir='ltr' id='par_1_9' title="bbox 260 1920 913 2020">
     <span class='ocr_line' id='line_1_15' title="bbox 260 1920 913 2020; baseline 0.008 -6"><span class='ocrx_word' id='word_1_92' title='bbox 260 1920 286 1981; x_wconf 40' lang='lat' dir='ltr'><strong>&#39;l</strong></span> <span class='ocrx_word' id='word_1_93' title='bbox 399 1965 428 2015; x_wconf 87' lang='lat' dir='ltr'><strong>C.</strong></span> <span class='ocrx_word' id='word_1_94' title='bbox 454 1966 598 2017; x_wconf 90' lang='lat' dir='ltr'>PLINIUS</span> <span class='ocrx_word' id='word_1_95' title='bbox 621 1966 772 2017; x_wconf 79' lang='lat' dir='ltr'>CANINIO</span> <span class='ocrx_word' id='word_1_96' title='bbox 796 1966 863 2017; x_wconf 86' lang='lat' dir='ltr'><strong>SUO</strong></span> <span class='ocrx_word' id='word_1_97' title='bbox 886 1966 913 2020; x_wconf 85' lang='lat' dir='ltr'><strong>S.</strong></span> 
     </span>
    </p>
   </div>
   <div class='ocr_carea' id='block_1_9' title="bbox 406 2114 907 2178">
    <p class='ocr_par' dir='ltr' id='par_1_10' title="bbox 406 2114 907 2178">
     <span class='ocr_line' id='line_1_16' title="bbox 406 2114 907 2178; baseline -0.004 -13"><span class='ocrx_word' id='word_1_98' title='bbox 406 2114 561 2177; x_wconf 64' lang='lat' dir='ltr'><strong>Woadrrsrd</strong></span> <span class='ocrx_word' id='word_1_99' title='bbox 573 2116 626 2165; x_wconf 82' lang='lat' dir='ltr'><strong>talc</strong></span> <span class='ocrx_word' id='word_1_100' title='bbox 638 2115 670 2176; x_wconf 88' lang='lat' dir='ltr'><strong>cs</strong></span> <span class='ocrx_word' id='word_1_101' title='bbox 677 2129 694 2165; x_wconf 89' lang='lat' dir='ltr'><strong>c</strong></span> <span class='ocrx_word' id='word_1_102' title='bbox 706 2120 775 2165; x_wconf 80' lang='lat' dir='ltr'><strong>tome</strong></span> <span class='ocrx_word' id='word_1_103' title='bbox 787 2115 907 2178; x_wconf 80' lang='lat' dir='ltr'><strong>delphin.</strong></span> 
     </span>
    </p>
   </div>
   <div class='ocr_carea' id='block_1_10' title="bbox 69 2259 1251 3708">
    <p class='ocr_par' dir='ltr' id='par_1_11' title="bbox 69 2259 1251 3708">
     <span class='ocr_line' id='line_1_17' title="bbox 195 2259 1193 2339; baseline 0.004 -21"><span class='ocrx_word' id='word_1_104' title='bbox 195 2259 298 2318; x_wconf 91' lang='lat' dir='ltr'><strong>Incidi</strong></span> <span class='ocrx_word' id='word_1_105' title='bbox 320 2259 352 2318; x_wconf 92' lang='lat' dir='ltr'><strong>in</strong></span> <span class='ocrx_word' id='word_1_106' title='bbox 374 2261 537 2320; x_wconf 85' lang='lat' dir='ltr'><strong>materiam</strong></span> <span class='ocrx_word' id='word_1_107' title='bbox 552 2280 666 2335; x_wconf 87' lang='lat' dir='ltr'><strong>veram,</strong></span> <span class='ocrx_word' id='word_1_108' title='bbox 689 2261 743 2321; x_wconf 90' lang='lat' dir='ltr'><strong>sed</strong></span> <span class='ocrx_word' id='word_1_109' title='bbox 765 2260 959 2320; x_wconf 87' lang='lat' dir='ltr'><strong>simillimam</strong></span> <span class='ocrx_word' id='word_1_110' title='bbox 979 2260 1071 2322; x_wconf 87' lang='lat' dir='ltr'><strong>fictae</strong></span> <span class='ocrx_word' id='word_1_111' title='bbox 1093 2261 1193 2339; x_wconf 90' lang='lat' dir='ltr'><strong>dig-1</strong></span> 
     </span>
     <span class='ocr_line' id='line_1_18' title="bbox 107 2364 1245 2444; baseline 0.006 -25"><span class='ocrx_word' id='word_1_112' title='bbox 107 2374 136 2420; x_wconf 88' lang='lat'><strong>10</strong></span> <span class='ocrx_word' id='word_1_113' title='bbox 155 2383 289 2441; x_wconf 87' lang='lat' dir='ltr'><strong>namque</strong></span> <span class='ocrx_word' id='word_1_114' title='bbox 310 2364 371 2423; x_wconf 89' lang='lat' dir='ltr'><strong>isto</strong></span> <span class='ocrx_word' id='word_1_115' title='bbox 392 2365 574 2440; x_wconf 87' lang='lat' dir='ltr'><strong>laetissimo,</strong></span> <span class='ocrx_word' id='word_1_116' title='bbox 590 2365 753 2441; x_wconf 84' lang='lat' dir='ltr'><strong>altissime,</strong></span> <span class='ocrx_word' id='word_1_117' title='bbox 769 2365 924 2444; x_wconf 87' lang='lat' dir='ltr'><strong>planeque</strong></span> <span class='ocrx_word' id='word_1_118' title='bbox 939 2366 1060 2444; x_wconf 70' lang='lat' dir='ltr'><strong>poetico</strong></span> <span class='ocrx_word' id='word_1_119' title='bbox 1074 2367 1160 2443; x_wconf 92' lang='lat' dir='ltr'><strong>inge·</strong></span> <span class='ocrx_word' id='word_1_120' title='bbox 1242 2430 1245 2434; x_wconf 11' lang='grc' dir='ltr'><strong>Α</strong></span> 
     </span>
     <span class='ocr_line' id='line_1_19' title="bbox 155 2468 1159 2547; baseline 0.004 -21"><span class='ocrx_word' id='word_1_121' title='bbox 155 2468 217 2542; x_wconf 91' lang='lat' dir='ltr'><strong>nio,</strong></span> <span class='ocrx_word' id='word_1_122' title='bbox 233 2468 330 2527; x_wconf 91' lang='lat' dir='ltr'><strong>incidi</strong></span> <span class='ocrx_word' id='word_1_123' title='bbox 345 2474 458 2543; x_wconf 88' lang='lat' dir='ltr'><strong>autem,</strong></span> <span class='ocrx_word' id='word_1_124' title='bbox 475 2470 548 2528; x_wconf 90' lang='lat' dir='ltr'><strong>dum</strong></span> <span class='ocrx_word' id='word_1_125' title='bbox 570 2490 663 2547; x_wconf 89' lang='lat' dir='ltr'><strong>super</strong></span> <span class='ocrx_word' id='word_1_126' title='bbox 684 2490 791 2530; x_wconf 89' lang='lat' dir='ltr'><strong>cenam</strong></span> <span class='ocrx_word' id='word_1_127' title='bbox 806 2471 894 2531; x_wconf 91' lang='lat' dir='ltr'><strong>varia</strong></span> <span class='ocrx_word' id='word_1_128' title='bbox 912 2470 1063 2531; x_wconf 90' lang='lat' dir='ltr'><strong>miracula</strong></span> <span class='ocrx_word' id='word_1_129' title='bbox 1083 2471 1159 2531; x_wconf 89' lang='lat' dir='ltr'><strong>hinc</strong></span> 
     </span>
     <span class='ocr_line' id='line_1_20' title="bbox 156 2573 1160 2654; baseline 0.004 -23"><span class='ocrx_word' id='word_1_130' title='bbox 156 2573 229 2631; x_wconf 88' lang='lat' dir='ltr'><strong>inde</strong></span> <span class='ocrx_word' id='word_1_131' title='bbox 260 2574 446 2632; x_wconf 85' lang='lat' dir='ltr'><strong>referuntur.</strong></span> <span class='ocrx_word' id='word_1_132' title='bbox 503 2576 621 2651; x_wconf 87' lang='lat' dir='ltr'><strong>Magna</strong></span> <span class='ocrx_word' id='word_1_133' title='bbox 648 2576 766 2635; x_wconf 86' lang='lat' dir='ltr'><strong>auctori</strong></span> <span class='ocrx_word' id='word_1_134' title='bbox 794 2575 888 2636; x_wconf 89' lang='lat' dir='ltr'><strong>fides:</strong></span> <span class='ocrx_word' id='word_1_135' title='bbox 924 2575 1051 2637; x_wconf 89' lang='lat' dir='ltr'><strong>tametsi</strong></span> <span class='ocrx_word' id='word_1_136' title='bbox 1080 2576 1160 2654; x_wconf 89' lang='lat' dir='ltr'><strong>quid</strong></span> 
     </span>
     <span class='ocr_line' id='line_1_21' title="bbox 69 2679 1161 2756; baseline 0.001 -15"><span class='ocrx_word' id='word_1_137' title='bbox 69 2687 94 2741; x_wconf 68' lang='lat' dir='ltr'><strong>r&lt;</strong></span> <span class='ocrx_word' id='word_1_138' title='bbox 156 2684 265 2756; x_wconf 68' lang='lat' dir='ltr'><strong>potitae</strong></span> <span class='ocrx_word' id='word_1_139' title='bbox 286 2697 355 2736; x_wconf 90' lang='lat' dir='ltr'><strong>curn</strong></span> <span class='ocrx_word' id='word_1_140' title='bbox 377 2679 464 2737; x_wconf 82' lang='lat' dir='ltr'><strong>fide?</strong></span> <span class='ocrx_word' id='word_1_141' title='bbox 507 2680 540 2739; x_wconf 91' lang='lat' dir='ltr'><strong>Is</strong></span> <span class='ocrx_word' id='word_1_142' title='bbox 561 2686 667 2739; x_wconf 90' lang='lat' dir='ltr'><strong>tamen</strong></span> <span class='ocrx_word' id='word_1_143' title='bbox 689 2686 795 2741; x_wconf 87' lang='lat' dir='ltr'><strong>auctor</strong></span> <span class='ocrx_word' id='word_1_144' title='bbox 815 2682 865 2740; x_wconf 90' lang='lat' dir='ltr'><strong>cui</strong></span> <span class='ocrx_word' id='word_1_145' title='bbox 888 2681 965 2740; x_wconf 87' lang='lat' dir='ltr'><strong>bene</strong></span> <span class='ocrx_word' id='word_1_146' title='bbox 986 2680 1038 2740; x_wconf 86' lang='lat' dir='ltr'><strong>vel</strong></span> <span class='ocrx_word' id='word_1_147' title='bbox 1061 2681 1161 2742; x_wconf 81' lang='lat' dir='ltr'><strong>histo</strong></span> 
     </span>
     <span class='ocr_line' id='line_1_22' title="bbox 156 2775 1195 2864; baseline 0.007 -24"><span class='ocrx_word' id='word_1_148' title='bbox 156 2783 234 2842; x_wconf 90' lang='lat' dir='ltr'><strong>riam</strong></span> <span class='ocrx_word' id='word_1_149' title='bbox 257 2783 428 2860; x_wconf 87' lang='lat' dir='ltr'><strong>scripturus</strong></span> <span class='ocrx_word' id='word_1_150' title='bbox 450 2784 642 2844; x_wconf 87' lang='lat' dir='ltr'><strong>credidisses.</strong></span> <span class='ocrx_word' id='word_1_151' title='bbox 685 2787 744 2845; x_wconf 85' lang='lat' dir='ltr'><strong>Est</strong></span> <span class='ocrx_word' id='word_1_152' title='bbox 763 2787 795 2844; x_wconf 90' lang='lat' dir='ltr'><strong>in</strong></span> <span class='ocrx_word' id='word_1_153' title='bbox 811 2786 921 2845; x_wconf 85' lang='lat' dir='ltr'><strong>Africa</strong></span> <span class='ocrx_word' id='word_1_154' title='bbox 941 2775 1160 2864; x_wconf 83' lang='lat' dir='ltr'><strong>Hipponensis</strong></span> <span class='ocrx_word' id='word_1_155' title='bbox 1180 2797 1195 2841; x_wconf 85' lang='lat'>2</span> 
     </span>
     <span class='ocr_line' id='line_1_23' title="bbox 108 2879 1161 2973; baseline 0.006 -28"><span class='ocrx_word' id='word_1_156' title='bbox 108 2901 136 2946; x_wconf 84' lang='lat'><strong>15</strong></span> <span class='ocrx_word' id='word_1_157' title='bbox 156 2879 285 2961; x_wconf 86' lang='lat' dir='ltr'><strong>colonia,</strong></span> <span class='ocrx_word' id='word_1_158' title='bbox 301 2889 379 2947; x_wconf 89' lang='lat' dir='ltr'><strong>mari</strong></span> <span class='ocrx_word' id='word_1_159' title='bbox 398 2889 557 2965; x_wconf 86' lang='lat' dir='ltr'><strong>proxima:</strong></span> <span class='ocrx_word' id='word_1_160' title='bbox 587 2891 709 2950; x_wconf 86' lang='lat' dir='ltr'><strong>adiacet</strong></span> <span class='ocrx_word' id='word_1_161' title='bbox 730 2891 907 2966; x_wconf 84' lang='lat' dir='ltr'><strong>navigabile</strong></span> <span class='ocrx_word' id='word_1_162' title='bbox 928 2896 1088 2973; x_wconf 85' lang='lat' dir='ltr'><strong>stagnum:</strong></span> <span class='ocrx_word' id='word_1_163' title='bbox 1119 2910 1161 2951; x_wconf 87' lang='lat' dir='ltr'><strong>ex</strong></span> 
     </span>
     <span class='ocr_line' id='line_1_24' title="bbox 155 2978 1187 3073; baseline 0.005 -22"><span class='ocrx_word' id='word_1_164' title='bbox 155 2993 214 3051; x_wconf 93' lang='lat' dir='ltr'><strong>hoc</strong></span> <span class='ocrx_word' id='word_1_165' title='bbox 235 2978 415 3051; x_wconf 74' lang='lat' dir='ltr'><strong>immodum</strong></span> <span class='ocrx_word' id='word_1_166' title='bbox 430 2979 576 3053; x_wconf 39' lang='lat' dir='ltr'><strong>*nummis</strong></span> <span class='ocrx_word' id='word_1_167' title='bbox 604 2996 792 3055; x_wconf 86' lang='lat' dir='ltr'><strong>aestuarium</strong></span> <span class='ocrx_word' id='word_1_168' title='bbox 822 2997 962 3073; x_wconf 84' lang='lat' dir='ltr'><strong>emergit,</strong></span> <span class='ocrx_word' id='word_1_169' title='bbox 984 2996 1068 3072; x_wconf 92' lang='lat' dir='ltr'><strong>quod</strong></span> <span class='ocrx_word' id='word_1_170' title='bbox 1090 2996 1187 3071; x_wconf 56' lang='lat' dir='ltr'><strong>vice,</strong></span> 
     </span>
     <span class='ocr_line' id='line_1_25' title="bbox 156 3090 1162 3178; baseline 0.004 -21"><span class='ocrx_word' id='word_1_171' title='bbox 156 3097 286 3172; x_wconf 88' lang='lat' dir='ltr'><strong>alterna,</strong></span> <span class='ocrx_word' id='word_1_172' title='bbox 314 3104 407 3175; x_wconf 92' lang='lat' dir='ltr'><strong>prout</strong></span> <span class='ocrx_word' id='word_1_173' title='bbox 441 3105 547 3159; x_wconf 89' lang='lat' dir='ltr'><strong>aestus</strong></span> <span class='ocrx_word' id='word_1_174' title='bbox 578 3107 632 3160; x_wconf 88' lang='lat' dir='ltr'><strong>aut</strong></span> <span class='ocrx_word' id='word_1_175' title='bbox 662 3101 812 3178; x_wconf 88' lang='lat' dir='ltr'><strong>repressit</strong></span> <span class='ocrx_word' id='word_1_176' title='bbox 840 3107 894 3161; x_wconf 90' lang='lat' dir='ltr'><strong>aut</strong></span> <span class='ocrx_word' id='word_1_177' title='bbox 909 3090 1046 3178; x_wconf 83' lang='lat' dir='ltr'><strong>inpulit,</strong></span> <span class='ocrx_word' id='word_1_178' title='bbox 1076 3120 1162 3161; x_wconf 92' lang='lat' dir='ltr'><strong>nunc</strong></span> 
     </span>
     <span class='ocr_line' id='line_1_26' title="bbox 156 3203 1197 3281; baseline 0.005 -21"><span class='ocrx_word' id='word_1_179' title='bbox 156 3203 292 3261; x_wconf 88' lang='lat' dir='ltr'><strong>infertur</strong></span> <span class='ocrx_word' id='word_1_180' title='bbox 319 3203 398 3262; x_wconf 90' lang='lat' dir='ltr'><strong>mari</strong></span> <span class='ocrx_word' id='word_1_181' title='bbox 426 3223 508 3262; x_wconf 93' lang='lat' dir='ltr'><strong>nunc</strong></span> <span class='ocrx_word' id='word_1_182' title='bbox 537 3205 679 3265; x_wconf 85' lang='lat' dir='ltr'><strong>redditur</strong></span> <span class='ocrx_word' id='word_1_183' title='bbox 707 3211 825 3281; x_wconf 88' lang='lat' dir='ltr'><strong>stagno.</strong></span> <span class='ocrx_word' id='word_1_184' title='bbox 868 3206 977 3267; x_wconf 88' lang='lat' dir='ltr'><strong>Omnis</strong></span> <span class='ocrx_word' id='word_1_185' title='bbox 998 3205 1197 3268; x_wconf 84' lang='lat' dir='ltr'><strong>hic&#39;aetas3</strong></span> 
     </span>
     <span class='ocr_line' id='line_1_27' title="bbox 156 3308 1161 3387; baseline 0.005 -21"><span class='ocrx_word' id='word_1_186' title='bbox 156 3308 308 3385; x_wconf 87' lang='lat' dir='ltr'><strong>piscandi,</strong></span> <span class='ocrx_word' id='word_1_187' title='bbox 323 3309 502 3384; x_wconf 89' lang='lat' dir='ltr'><strong>navigandi,</strong></span> <span class='ocrx_word' id='word_1_188' title='bbox 519 3316 612 3387; x_wconf 89' lang='lat' dir='ltr'><strong>atque</strong></span> <span class='ocrx_word' id='word_1_189' title='bbox 634 3311 729 3369; x_wconf 91' lang='lat' dir='ltr'><strong>etiam</strong></span> <span class='ocrx_word' id='word_1_190' title='bbox 750 3311 879 3371; x_wconf 89' lang='lat' dir='ltr'><strong>natandi</strong></span> <span class='ocrx_word' id='word_1_191' title='bbox 902 3311 1006 3371; x_wconf 92' lang='lat' dir='ltr'><strong>studio</strong></span> <span class='ocrx_word' id='word_1_192' title='bbox 1022 3316 1161 3387; x_wconf 87' lang='lat' dir='ltr'><strong>tenetur,</strong></span> 
     </span>
     <span class='ocr_line' id='line_1_28' title="bbox 106 3414 1251 3501; baseline 0.003 -27"><span class='ocrx_word' id='word_1_193' title='bbox 106 3429 137 3474; x_wconf 81' lang='lat' dir='ltr'><strong>ao</strong></span> <span class='ocrx_word' id='word_1_194' title='bbox 156 3414 291 3472; x_wconf 83' lang='lat' dir='ltr'><strong>maxime</strong></span> <span class='ocrx_word' id='word_1_195' title='bbox 304 3414 403 3490; x_wconf 86' lang='lat' dir='ltr'><strong>pueri,</strong></span> <span class='ocrx_word' id='word_1_196' title='bbox 416 3433 493 3491; x_wconf 90' lang='lat' dir='ltr'><strong>quos</strong></span> <span class='ocrx_word' id='word_1_197' title='bbox 507 3415 604 3474; x_wconf 91' lang='lat' dir='ltr'><strong>otium</strong></span> <span class='ocrx_word' id='word_1_198' title='bbox 621 3415 770 3492; x_wconf 89' lang='lat' dir='ltr'><strong>lususque</strong></span> <span class='ocrx_word' id='word_1_199' title='bbox 782 3416 939 3476; x_wconf 89' lang='lat' dir='ltr'><strong>sollicitat.</strong></span> <span class='ocrx_word' id='word_1_200' title='bbox 982 3415 1044 3475; x_wconf 90' lang='lat' dir='ltr'><strong>His</strong></span> <span class='ocrx_word' id='word_1_201' title='bbox 1058 3415 1164 3493; x_wconf 87' lang='lat' dir='ltr'><strong>gloria</strong></span> <span class='ocrx_word' id='word_1_202' title='bbox 1249 3496 1251 3501; x_wconf 25' lang='grc'><strong>,</strong></span> 
     </span>
     <span class='ocr_line' id='line_1_29' title="bbox 140 3518 1172 3630; baseline 0.003 -55"><span class='ocrx_word' id='word_1_203' title='bbox 140 3523 177 3576; x_wconf 85' lang='lat' dir='ltr'><strong>ct</strong></span> <span class='ocrx_word' id='word_1_204' title='bbox 199 3519 302 3582; x_wconf 76' lang='lat' dir='ltr'><strong>Virtus</strong></span> <span class='ocrx_word' id='word_1_205' title='bbox 324 3520 487 3585; x_wconf 90' lang='lat' dir='ltr'><strong>altissime</strong></span> <span class='ocrx_word' id='word_1_206' title='bbox 502 3518 666 3603; x_wconf 44' lang='lat' dir='ltr'><strong>provebit</strong></span> <span class='ocrx_word' id='word_1_207' title='bbox 676 3522 780 3630; x_wconf 58' lang='lat' dir='ltr'><strong>uictpr</strong></span> <span class='ocrx_word' id='word_1_208' title='bbox 792 3521 852 3579; x_wconf 75' lang='lat' dir='ltr'><strong>&#39;ule</strong></span> <span class='ocrx_word' id='word_1_209' title='bbox 864 3520 1115 3594; x_wconf 66' lang='lat' dir='ltr'><strong>uuilongrss&#39;uue</strong></span> <span class='ocrx_word' id='word_1_210' title='bbox 1125 3528 1172 3578; x_wconf 74' lang='lat' dir='ltr'><strong>ut</strong></span> 
     </span>
     <span class='ocr_line' id='line_1_30' title="bbox 117 3616 1241 3708; baseline 0.008 -29"><span class='ocrx_word' id='word_1_211' title='bbox 117 3619 206 3685; x_wconf 81' lang='lat' dir='ltr'><strong>litus</strong></span> <span class='ocrx_word' id='word_1_212' title='bbox 232 3628 283 3691; x_wconf 87' lang='lat' dir='ltr'><strong>ita</strong></span> <span class='ocrx_word' id='word_1_213' title='bbox 309 3631 416 3697; x_wconf 88' lang='lat' dir='ltr'><strong>simul</strong></span> <span class='ocrx_word' id='word_1_214' title='bbox 445 3624 609 3696; x_wconf 84' lang='lat' dir='ltr'><strong>natantes</strong></span> <span class='ocrx_word' id='word_1_215' title='bbox 640 3628 789 3708; x_wconf 72' lang='lat' dir='ltr'><strong>reliquit.</strong></span> <span class='ocrx_word' id='word_1_216' title='bbox 827 3625 909 3681; x_wconf 65' lang='lat' dir='ltr'><strong>ileo</strong></span> <span class='ocrx_word' id='word_1_217' title='bbox 927 3616 1102 3685; x_wconf 60' lang='lat' dir='ltr'><strong>certatim</strong></span> <span class='ocrx_word' id='word_1_218' title='bbox 1115 3632 1206 3687; x_wconf 52' lang='lat' dir='ltr'><strong>rm</strong></span> <span class='ocrx_word' id='word_1_219' title='bbox 1219 3632 1241 3671; x_wconf 70' lang='lat'><strong>⁸⁴</strong></span> 
     </span>
    </p>
   </div>
   <div class='ocr_carea' id='block_1_11' title="bbox 0 0 1271 3870">
    <p class='ocr_par' dir='ltr' id='par_1_12' title="bbox 0 0 1271 3870">
     <span class='ocr_line' id='line_1_31' title="bbox 0 0 1271 3870; baseline 0 0"><span class='ocrx_word' id='word_1_220' title='bbox 0 0 1271 3870; x_wconf 95' lang='lat' dir='ltr'><strong> </strong></span> 
     </span>
    </p>
   </div>
  </div>
 </body>
</html>
