2512 3870
442 191 703 243 emssetsseis
723 192 785 243 v11.
805 191 848 242 es.
1085 174 1148 240 101

109 362 313 423 8ritudinem
343 363 490 441 inplesse‚
515 364 688 442 impietatis
715 384 803 424 reum
828 363 976 442 postulat.
1027 362 1148 421 Horror

144 469 298 529 omnium:
322 488 379 545 ego
398 475 503 530 autem
524 471 668 530 ‘vereor'
683 470 820 548 inquam,
837 467 1020 529 ‘clarissimi
1040 487 1148 527 eonsu-

144 573 199 648 les,
214 592 253 633 ne
272 575 352 634 mihi
369 577 477 635 Massa
494 575 621 635 silentio
640 594 695 635 suo
712 575 1011 653 praevaricationem
1031 572 1147 633 obiece-

143 679 195 754 rit,
223 681 305 758 quod
334 699 397 739 non
425 685 457 740 et
484 699 534 740 me
561 699 650 740 reum
679 679 872 758 postulavit!
913 680 998 751 Quae
1025 698 1087 738 vox
1114 683 1147 738 et

144 785 251 844 statim
273 792 404 863 excepta
427 791 460 845 et
483 792 592 864 postea
618 786 719 846 multo
743 803 883 846 sermone
908 784 1064 844 celebrata
1088 788 1180 843 est.5

108 903 124 948 9
143 890 244 950 Divus
264 892 392 968 quidem
413 893 521 951 Nerva
542 891 627 971 (nam
649 892 793 969 privatus
818 908 940 968 quoque
962 888 1146 949 attendebat

142 994 193 1055 his
213 1014 292 1074 quae
310 1003 393 1057 reete
412 997 446 1056 in
466 997 591 1075 publico
610 997 735 1079 fierent)
751 995 855 1056 missis
874 996 915 1055 ad
936 1013 985 1055 me
1001 993 1146 1070 gravissi·

142 1100 203 1160 mis
230 1100 347 1162 litteris
375 1122 438 1162 non
465 1103 543 1161 mihi
572 1102 673 1162 solum
696 1121 804 1161 verum
831 1101 926 1160 etiam
951 1099 1073 1160 saeculo
1097 1105 1146 1158 est

143 1206 327 1283 gratulatus,
347 1206 398 1267 eui
415 1207 594 1285 exemplum
609 1206 667 1286 (sie
689 1207 772 1266 enim
794 1205 934 1286 scripsit)
951 1204 1053 1265 simile
1068 1204 1146 1264 anti·

94 1313 215 1388 loquis
241 1312 432 1389 contigisset.
490 1312 587 1387 Haec,
614 1317 783 1390 utcumque
812 1330 844 1371 se
871 1311 998 1386 habent,
1023 1309 1193 1370 notiorem

143 1417 275 1478 clariora
308 1418 427 1478 maiora
452 1423 490 1477 tu
519 1417 635 1478 facies:
671 1436 859 1495 quamquam
894 1435 958 1475 non
992 1415 1082 1490 exigo
1109 1419 1146 1474 ut

143 1525 275 1584 excedas
303 1530 391 1584 aetae
419 1525 464 1583 rei
494 1525 628 1583 medum.
691 1524 774 1582 Nam
802 1541 863 1582 nee¹
893 1521 1027 1582 historia
1054 1520 1146 1580 debet

143 1629 249 1706 egredi
263 1629 430 1688 veritatem
449 1634 482 1688 et
500 1629 631 1688 honeste
648 1627 743 1688 factis
760 1626 877 1687 veritas
892 1625 1013 1686 suffieit.
1056 1625 1143 1686 Vale.
