2512 3870
439 187 700 238 nr1srucxaun
724 186 805 237 113.
1086 178 1126 241 17

61 365 65 371 ’
125 361 151 420 si
166 361 342 436 interesses
358 381 421 439 qua
435 361 589 438 patientia
604 361 683 420 hanc
701 360 801 438 ipsam
820 360 1030 420 valetudinarii
1054 363 1128 421 tole-

124 472 181 541 ret,
197 473 232 524 ut
253 454 352 525 dolori
376 467 510 541 resistat,
534 472 568 525 ut
590 466 676 525 sitim
698 466 834 542 differat,
857 472 891 525 ut
913 466 1127 526 incredibilem

89 589 103 634 a
124 552 261 631 febrium
283 572 422 630 ardorem
451 572 588 631 inmotus
610 576 797 647 opertusque
819 571 1021 630 transmittat.
1064 573 1094 630 N
1098 593 1127 630 u·

125 696 180 755 per
194 696 243 737 me
258 696 434 754 paucosque
449 695 568 735 mecum
587 695 664 753 quos
681 676 815 734 maxime
838 676 949 751 diligit·
963 677 1128 736 :ulvocavit

125 782 308 860 rogavitque
329 788 365 841 ut
387 782 523 841 medicos
543 781 773 841 consuleremus
787 782 826 840 <le
841 801 963 841 summa
977 782 1127 842 valetudi·
1147 801 1162 846 5

125 890 184 965 nis,
199 895 245 964 ut,
261 890 289 949 si
309 894 392 950 esset
411 888 642 966 insuperabilis,
658 893 769 965 sponte
784 888 884 947 exiret
899 907 915 947 e
929 889 1004 964 rita,
1021 890 1047 949 si
1062 895 1128 948 tan·

89 1001 193 1058 ctum
221 993 358 1054 difficilis
385 999 417 1053 et
445 993 546 1069 longa,
569 993 728 1054 resisteret
752 1000 966 1070 maneretque:
990 994 1125 1053 claudum

126 1104 209 1163 enim
237 1104 381 1182 precibus
408 1105 524 1181 uxoris,
547 1106 684 1165 dandum
712 1105 796 1165 filiae
820 1105 1197 1219 1111111111,(1111111111ιῆΧ

126 1209 221 1269 etiam
236 1211 326 1270 nobis
348 1210 456 1271 amicis
477 1229 516 1270 ne
538 1229 609 1288 spes
630 1216 762 1287 nostras,
778 1210 805 1270 si
826 1211 918 1269 modo
939 1229 1002 1269 non
1023 1216 1128 1271 essent
1159 1200 1164 1241 l
1191 1196 1194 1203 ¹

76 1325 106 1370 10
125 1315 244 1390 inanes,
266 1315 444 1376 voluntaria
465 1322 564 1376 morte
586 1317 749 1376 desereret.
793 1316 832 1374 Id
854 1335 910 1392 ego
934 1318 1065 1376 arduum
1093 1318 1127 1377 in
1148 1329 1176 1374 10

125 1422 236 1499 primis
261 1429 293 1483 et
317 1425 485 1502 praecipua
508 1425 600 1484 laude
623 1425 753 1499 dignum
775 1431 858 1503 puto.
902 1427 985 1486 Nam
1006 1426 1127 1503 impetu

126 1528 261 1604 quodam
276 1535 308 1588 et
321 1529 474 1589 instinctu
489 1549 668 1608 procurrere
683 1531 722 1589 ad
737 1537 868 1590 mortem
882 1549 1045 1591 commune
1057 1550 1126 1590 cum

126 1632 244 1709 multis,
267 1634 439 1694 deliberare
460 1653 533 1694 vero
555 1641 586 1694 et
607 1654 715 1696 causas
737 1637 804 1697 eius
826 1638 1008 1714 expendere,
1030 1642 1126 1714 utque

125 1738 260 1798 suaserit
274 1740 364 1815 ratio,
375 1740 459 1799 vitae
474 1741 645 1818 mortisque
660 1742 824 1801 consilium
839 1742 889 1801 rel
905 1741 1061 1818 suscipere
1076 1741 1126 1800 vel

43 1905 46 1909 ,
76 1857 103 1903 11
125 1862 241 1920 ponere
268 1844 406 1921 ingentis
426 1851 474 1906 est
496 1845 601 1905 animi.
644 1848 687 1905 Et
709 1847 821 1906 medici
844 1846 968 1924 quidem
992 1847 1128 1906 secunda
1148 1858 1176 1902 15

96 1939 215 2010 ''nobis
243 1950 447 2028 pollicentur:
481 1957 622 2028 superest
651 1957 686 2011 ut
713 1953 875 2029 promissis
904 1953 980 2012 deus
1009 1953 1127 2011 adnuat

125 2055 315 2132 tandemque
331 2075 380 2115 me
401 2056 458 2116 hac
481 2057 692 2116 sollicitudine
714 2058 870 2132 exsolvat3
894 2078 956 2134 qua
976 2058 1126 2117 liberatus

125 2160 352 2220 Laurentinum
367 2181 479 2237 meum,
495 2162 552 2222 hoc
567 2168 615 2222 est
630 2162 752 2222 libellos
767 2169 799 2222 et
820 2163 990 2240 pugillares
1013 2163 1127 2222 studio

78 2349 81 2354 ι
125 2283 257 2343 sumque
278 2267 377 2326 otium
399 2273 545 2345 repetam.
589 2268 682 2326 Nunc
704 2269 787 2327 euim
809 2269 890 2327 nihil
912 2269 1022 2344 legere,
1045 2268 1126 2327 nihil

58 2376 104 2426 ‘12
125 2370 259 2435 scribere
274 2377 328 2431 aut
342 2372 499 2432 adsidenti
515 2378 605 2432 vacat
619 2378 673 2432 aut
688 2373 781 2432 anxio
798 2373 883 2432 libet.
927 2375 1034 2433 Habes
1050 2374 1126 2450 quid
1146 2386 1176 2433 20

124 2475 261 2552 timeam,
277 2476 355 2554 quid
376 2483 489 2554 optem,
506 2478 582 2562 quid
604 2478 698 2538 etiam
721 2478 754 2536 in
775 2478 934 2555 posterum
955 2479 1123 2537 destinem:
1146 2462 1159 2485 ’“

104 2573 108 2579 ’
124 2585 161 2640 tu
175 2581 252 2657 quid
266 2582 375 2658 egeris,
391 2583 467 2659 quid
479 2602 565 2658 agas
578 2583 654 2659 quid
669 2583 748 2643 velis
763 2602 863 2659 agere,
877 2584 1009 2642 1111111111
1025 2583 1124 2658 nobis,
1161 2640 1164 2645 .

77 2736 80 2745 .
125 2685 180 2745 sed
208 2685 390 2746 laetioribus
419 2688 564 2764 epistulis
590 2689 697 2748 scribe.
749 2689 819 2747 Erit
841 2689 1018 2747 confusioni
1039 2706 1126 2747 meae
1166 2696 1169 2701 '

123 2800 187 2841 non
201 2780 528 2860 medioere'solacium,
544 2785 571 2844 si
585 2790 622 2843 tu
635 2785 715 2843 nihil
731 2785 878 2861 quereris.
921 2785 1007 2845 Vale.

504 3068 556 3128 rs.
585 3065 741 3145 (xxiii.)

271 3227 301 3279 c.
327 3229 471 3280 rrimus
494 3229 655 3280 rourum
680 3229 838 3280 rxtoorr
862 3229 928 3280 suo
942 3196 978 3281 's

381 3376 486 3427 Should
503 3391 520 3427 o
538 3378 643 3427 tribuae
657 3378 738 3438 pleae
754 3378 871 3427 causes?

83 3535 98 3579 1
161 3519 307 3580 Consulis
330 3540 371 3581 an
396 3522 582 3585 existimem
602 3530 637 3587 te
657 3524 696 3586 in
714 3524 892 3586 crismam
915 3537 1033 3581 causas
1057 3517 1208 3586 astreli*

103 3619 226 3679 debere.
270 3625 458 3693 Plurimum
491 3636 600 3701 refert
623 3637 713 3720 quic
741 3653 818 3699 esse
839 3630 1061 3694 tr'lnnnamrm
1076 3618 1197 3688 putes,
