2512 3870
135 146 178 210 14
511 217 514 223 ,
559 161 588 213 e.
612 161 711 211 rurur

135 332 243 392 hortor
258 339 289 392 et
303 352 420 392 moneo.
435 333 666 410 ‚Nequeenim
681 333 773 392 debet
788 333 932 409 operibus
946 333 1013 394 eius
1029 335 1136 395 obesse
1157 347 1171 392 8

136 437 219 514 quod
246 437 335 496 vivit.
387 438 440 496 An
465 438 492 498 si
517 438 599 497 inter
624 457 675 498 eos
704 457 781 514 quos
807 457 976 515 numquam
1001 416 1155 500 vidimus·

135 543 301 617 floruisset,
323 565 385 604 non
407 545 507 605 solum
528 544 624 605 libros
646 544 713 604 eius
736 563 843 603 verum
867 545 962 604 etiam
985 546 1135 622 imagines

136 650 379 727 requireremus3
402 651 542 712 eiusdem
562 670 645 710 nunc
666 651 764 709 honor
785 652 960 728 praesentis
983 658 1015 711 et
1036 653 1137 728 gratia

99 768 114 811 t
136 755 225 832 quasi
240 756 385 816 satietate
400 757 597 832 languescit?
628 757 672 815 At
685 757 743 816 hoo
758 776 887 841 pravum
903 757 1135 835 malignumque
1156 772 1171 817 9

135 866 192 937 est,
220 880 283 920 non
311 862 459 921 admirari
486 862 643 921 hominem
674 841 878 921 admiratione
907 862 1134 938 dignissimum,
1149 896 1164 923 t·

135 965 210 1043 quia
230 967 346 1042 videre,
362 967 498 1044 adloqui,
514 967 632 1042 audire,
650 952 824 1045 complecti,
844 986 900 1027 nec
922 967 1049 1026 laudare
1070 974 1136 1028 tan·

134 1076 202 1130 tum
216 1072 550 1163 Qlfffifiafflflmffl'e
564 1071 704 1148 contigit.
740 1071 826 1133 Vale.

527 1260 581 1275 ffl-

515 1320 567 1381 13.
596 1318 750 1399 (xviri.)

233 1484 262 1535 C.
288 1482 432 1534 PLINIUS
455 1481 632 1533 SUETONIO
656 1482 892 1544 TRANQUILLO
916 1484 983 1536 SUO
1007 1485 1034 1536 S.

136 1626 282 1680 Suetonius
294 1629 318 1677 is
330 1627 451 1677 olormed
463 1627 524 1688 boo
541 1627 640 1676 dream.
678 1627 761 1688 Pliny
778 1640 914 1677 recreares
931 1628 987 1677 him
999 1629 1073 1690 from
1091 1630 1134 1680 his

520 1731 579 1768 own
591 1718 747 1778 experiente.

174 1851 290 1912 Scribis
304 1856 336 1910 te
351 1850 550 1928 perterritum
565 1849 685 1911 somnio
699 1850 800 1909 vereri
814 1869 854 1910 no
868 1851 945 1927 quid
959 1853 1082 1912 adversi
1100 1854 1133 1912 in
1154 1869 1167 1914 1

84 1958 255 2019 locotione
276 1956 416 2034 patiaris,
434 1975 524 2031 rogas
544 1961 580 2014 ut
602 1955 784 2015 dilationem
804 1962 909 2035 petam
931 1963 963 2016 et
984 1959 1132 2035 pauculos

132 2064 209 2140 dies,
231 2070 315 2124 certe
336 2063 521 2142 proximum,
542 2081 695 2121 excusem.
739 2061 874 2123 Difficile
895 2070 952 2138 est,
968 2065 1023 2124 sed
1044 2083 1133 2143 expe·
1162 2125 1170 2138 ,

132 2169 211 2229 riar:
234 2171 279 2229 καὶ
294 2172 347 2250 γάρ
361 2169 386 2228 τ’
399 2169 466 2246 ὄναρ
480 2171 511 2227 ἐκ
526 2168 594 2231 Διός
609 2171 696 2229 ἔστιν.
738 2167 850 2227 Refert
864 2175 969 2228 tamen
981 2176 1133 2230 eventura
1152 2177 1166 2221 2

132 2274 232 2335 soleas
253 2293 292 2334 an
314 2273 469 2333 contraria
490 2273 651 2332 somniare.
694 2273 776 2332 Mihi
797 2274 955 2350 reputanti
977 2276 1152 2334 somnium¹

132 2399 235 2439 meum
250 2379 335 2441 istud
351 2383 434 2459 quod
448 2382 540 2442 times
555 2388 590 2442 tu
605 2383 760 2459 egregiam
775 2383 928 2443 actionem
945 2383 1131 2460 portendere

84 2492 112 2538 15
132 2484 264 2546 videtur.
309 2487 510 2564 Susceperam
532 2507 657 2547 causam
682 2488 754 2547 Iuni
782 2488 932 2562 Pastoris,
953 2507 1024 2547 curn
1052 2487 1131 2547 mihi
1151 2491 1166 2537 3

132 2591 306 2668 quiescenti
321 2592 389 2652 visa
403 2597 451 2652 est
466 2612 571 2653 socrus
592 2612 663 2653 mea
682 2594 832 2653 advoluta
853 2594 983 2670 genibus
1004 2612 1043 2652 ne
1064 2612 1132 2669 age-

131 2715 197 2757 rem
218 2697 386 2758 obsecrare.
429 2699 471 2757 Et
492 2717 574 2758 eram
597 2678 997 2759 acturui‘adulescentulus
1019 2699 1147 2774 adhuc·

39 2807 96 2871 Ἀ
131 2820 216 2862 eram
237 2803 271 2861 in
292 2804 489 2881 quadruplici
511 2804 634 2880 iudicio,
657 2824 741 2864 eram
762 2811 871 2865 contra
894 2805 1130 2883 potentissimos

96 2882 269 2968 *civitatis
297 2914 391 2986 atque
422 2909 516 2969 etiam
551 2910 693 2970 Caesaris
727 2910 859 2985 amicos3
893 2911 972 2988 quae
1007 2910 1132 2985 singula

81 3022 110 3068 ao
130 3022 274 3073 excutere
301 3020 438 3074 mentem
462 3014 540 3073 mihi
568 3020 639 3092 post
663 3021 727 3075 tam
751 3016 842 3076 triste
868 3015 1022 3076 somnium
1047 3021 1131 3093 pote·

130 3124 209 3178 rant.
251 3119 312 3194 Egi
333 3125 438 3179 tamen
459 3123 642 3200 λογισάμενος
664 3121 744 3180 illud
1150 3131 1167 3175 4
1201 3126 1228 3133 ''

307 3260 346 3322 εἶς
360 3263 452 3323 οἰωνὸς
466 3262 579 3338 ἄριστος
594 3261 747 3337 ἀμύνασθαι
761 3262 824 3339 περὶ
838 3264 955 3339 πάτρης.

125 3398 209 3455 Nam
226 3396 305 3455 mihi
318 3397 422 3474 patria
436 3402 467 3456 et
482 3398 509 3458 si
524 3399 600 3475 quid
617 3399 719 3459 carius
740 3399 818 3460 fides
840 3399 1013 3459 videbatur.
1057 3398 1129 3458 Pro
1210 3383 1214 3389 ¹

104 3514 202 3569 spere
217 3502 326 3577 cessit,
343 3509 442 3583 atque
465 3505 545 3566 adeo
566 3504 625 3566 illa
645 3505 728 3567 antio
746 3504 830 3565 milri
847 3523 939 3564 aures
955 3504 1131 3577 nominum
1185 3538 1191 3547 ·

39 3598 68 3643 υ
82 3592 149 3655 illa
162 3600 302 3666 januam
319 3610 432 3674 famae
449 3613 625 3694 patefecit.
668 3612 815 3675 Proinde
831 3607 954 3684 disqice
969 3625 1014 3664 an
1024 3611 1068 3663 tu
1080 3624 1154 3679 quc
1170 3621 1192 3663 a
