<?xml version="1.0" encoding="UTF-8"?>
<!DOCTYPE html PUBLIC "-//W3C//DTD XHTML 1.0 Transitional//EN"
    "http://www.w3.org/TR/xhtml1/DTD/xhtml1-transitional.dtd">
<html xmlns="http://www.w3.org/1999/xhtml" xml:lang="en" lang="en">
 <head>
  <title>
</title>
<meta http-equiv="Content-Type" content="text/html;charset=utf-8" />
  <meta name='ocr-system' content='tesseract 3.04.00' />
  <meta name='ocr-capabilities' content='ocr_page ocr_carea ocr_par ocr_line ocrx_word'/>
</head>
<body>
  <div class='ocr_page' id='page_1' title='image "./cplinisecundiep01plingoog_0087.png"; bbox 0 0 2512 3870; ppageno 0'>
   <div class='ocr_carea' id='block_1_1' title="bbox 149 156 728 221">
    <p class='ocr_par' dir='ltr' id='par_1_1' title="bbox 149 156 728 221">
     <span class='ocr_line' id='line_1_1' title="bbox 149 156 728 221; baseline -0.005 0"><span class='ocrx_word' id='word_1_1' title='bbox 149 156 192 221; x_wconf 87' lang='lat'>48</span> <span class='ocrx_word' id='word_1_2' title='bbox 577 169 610 218; x_wconf 92' lang='lat' dir='ltr'>c.</span> <span class='ocrx_word' id='word_1_3' title='bbox 628 168 728 219; x_wconf 77' lang='lat' dir='ltr'>rum</span> 
     </span>
    </p>
   </div>
   <div class='ocr_carea' id='block_1_2' title="bbox 69 341 1246 3692">
    <p class='ocr_par' dir='ltr' id='par_1_2' title="bbox 69 341 1246 3692">
     <span class='ocr_line' id='line_1_2' title="bbox 150 341 1153 421; baseline 0.006 -22"><span class='ocrx_word' id='word_1_4' title='bbox 150 341 267 399; x_wconf 84' lang='lat' dir='ltr'>ferrum</span> <span class='ocrx_word' id='word_1_5' title='bbox 289 341 451 415; x_wconf 84' lang='lat' dir='ltr'>stringere.</span> <span class='ocrx_word' id='word_1_6' title='bbox 469 341 632 417; x_wconf 77' lang='lat' dir='ltr'>perfodere</span> <span class='ocrx_word' id='word_1_7' title='bbox 653 354 771 418; x_wconf 78' lang='lat' dir='ltr'>pectus,</span> <span class='ocrx_word' id='word_1_8' title='bbox 789 343 954 403; x_wconf 82' lang='lat' dir='ltr'>extrahere</span> <span class='ocrx_word' id='word_1_9' title='bbox 975 343 1153 421; x_wconf 84' lang='lat' dir='ltr'>pugionem,</span> 
     </span>
     <span class='ocr_line' id='line_1_3' title="bbox 150 446 1153 527; baseline 0.008 -25"><span class='ocrx_word' id='word_1_10' title='bbox 150 446 307 523; x_wconf 82' lang='lat' dir='ltr'>porrigere</span> <span class='ocrx_word' id='word_1_11' title='bbox 336 446 456 505; x_wconf 83' lang='lat' dir='ltr'>marito.</span> <span class='ocrx_word' id='word_1_12' title='bbox 481 446 595 504; x_wconf 80' lang='lat' dir='ltr'>addere</span> <span class='ocrx_word' id='word_1_13' title='bbox 620 465 726 505; x_wconf 76' lang='lat' dir='ltr'>vocem</span> <span class='ocrx_word' id='word_1_14' title='bbox 754 448 963 508; x_wconf 81' lang='lat' dir='ltr'>immortalem</span> <span class='ocrx_word' id='word_1_15' title='bbox 991 468 1026 508; x_wconf 87' lang='lat' dir='ltr'>ac</span> <span class='ocrx_word' id='word_1_16' title='bbox 1054 468 1153 527; x_wconf 85' lang='lat' dir='ltr'>paene</span> 
     </span>
     <span class='ocr_line' id='line_1_4' title="bbox 151 550 1154 629; baseline 0.004 -21"><span class='ocrx_word' id='word_1_17' title='bbox 151 550 289 609; x_wconf 79' lang='lat' dir='ltr'>divinam</span> <span class='ocrx_word' id='word_1_18' title='bbox 314 552 437 623; x_wconf 64' lang='lat' dir='ltr'>‘Paete</span> <span class='ocrx_word' id='word_1_19' title='bbox 462 571 524 609; x_wconf 89' lang='grc'><strong>11011</strong></span> <span class='ocrx_word' id='word_1_20' title='bbox 548 551 653 610; x_wconf 64' lang='lat' dir='ltr'>dolet?</span> <span class='ocrx_word' id='word_1_21' title='bbox 708 552 770 611; x_wconf 85' lang='lat' dir='ltr'>Sed</span> <span class='ocrx_word' id='word_1_22' title='bbox 794 559 900 612; x_wconf 85' lang='lat' dir='ltr'>tamen</span> <span class='ocrx_word' id='word_1_23' title='bbox 925 554 988 614; x_wconf 84' lang='lat' dir='ltr'>ista</span> <span class='ocrx_word' id='word_1_24' title='bbox 1011 555 1154 629; x_wconf 78' lang='lat' dir='ltr'>facienti,</span> 
     </span>
     <span class='ocr_line' id='line_1_5' title="bbox 150 655 1155 739; baseline 0.007 -26"><span class='ocrx_word' id='word_1_25' title='bbox 150 655 213 714; x_wconf 90' lang='lat' dir='ltr'>ista</span> <span class='ocrx_word' id='word_1_26' title='bbox 233 655 351 714; x_wconf 89' lang='lat' dir='ltr'>dicenti</span> <span class='ocrx_word' id='word_1_27' title='bbox 372 655 471 730; x_wconf 87' lang='lat' dir='ltr'>gloria</span> <span class='ocrx_word' id='word_1_28' title='bbox 492 667 523 714; x_wconf 90' lang='lat' dir='ltr'>et</span> <span class='ocrx_word' id='word_1_29' title='bbox 545 657 713 716; x_wconf 87' lang='lat' dir='ltr'>aeternitas</span> <span class='ocrx_word' id='word_1_30' title='bbox 735 666 807 716; x_wconf 89' lang='lat' dir='ltr'>ante</span> <span class='ocrx_word' id='word_1_31' title='bbox 828 659 934 718; x_wconf 88' lang='lat' dir='ltr'>oculos</span> <span class='ocrx_word' id='word_1_32' title='bbox 955 665 1063 735; x_wconf 85' lang='lat' dir='ltr'>eraut3</span> <span class='ocrx_word' id='word_1_33' title='bbox 1092 680 1155 739; x_wconf 91' lang='lat' dir='ltr'>quo</span> 
     </span>
     <span class='ocr_line' id='line_1_6' title="bbox 115 761 1155 842; baseline 0.005 -22"><span class='ocrx_word' id='word_1_34' title='bbox 115 776 131 820; x_wconf 78' lang='lat'><strong>5</strong></span> <span class='ocrx_word' id='word_1_35' title='bbox 151 761 250 819; x_wconf 90' lang='lat' dir='ltr'>maius</span> <span class='ocrx_word' id='word_1_36' title='bbox 269 767 318 820; x_wconf 93' lang='lat' dir='ltr'>est</span> <span class='ocrx_word' id='word_1_37' title='bbox 335 762 402 819; x_wconf 88' lang='lat' dir='ltr'>sine</span> <span class='ocrx_word' id='word_1_38' title='bbox 420 762 557 837; x_wconf 89' lang='lat' dir='ltr'>praemio</span> <span class='ocrx_word' id='word_1_39' title='bbox 573 763 779 836; x_wconf 88' lang='lat' dir='ltr'>aeternitatis,</span> <span class='ocrx_word' id='word_1_40' title='bbox 795 763 863 822; x_wconf 90' lang='lat' dir='ltr'>sine</span> <span class='ocrx_word' id='word_1_41' title='bbox 880 764 1018 841; x_wconf 88' lang='lat' dir='ltr'>praemio</span> <span class='ocrx_word' id='word_1_42' title='bbox 1036 765 1155 842; x_wconf 86' lang='lat' dir='ltr'>gloriae</span> 
     </span>
     <span class='ocr_line' id='line_1_7' title="bbox 151 867 1156 944; baseline 0.005 -19"><span class='ocrx_word' id='word_1_43' title='bbox 151 867 264 925; x_wconf 90' lang='lat' dir='ltr'>abdere</span> <span class='ocrx_word' id='word_1_44' title='bbox 284 867 438 940; x_wconf 84' lang='lat' dir='ltr'>lacrimas,</span> <span class='ocrx_word' id='word_1_45' title='bbox 453 867 573 943; x_wconf 88' lang='lat' dir='ltr'>operire</span> <span class='ocrx_word' id='word_1_46' title='bbox 593 867 721 941; x_wconf 90' lang='lat' dir='ltr'>luctum,</span> <span class='ocrx_word' id='word_1_47' title='bbox 739 868 916 944; x_wconf 90' lang='lat' dir='ltr'>amissoque</span> <span class='ocrx_word' id='word_1_48' title='bbox 936 869 1003 928; x_wconf 90' lang='lat' dir='ltr'>filio</span> <span class='ocrx_word' id='word_1_49' title='bbox 1021 876 1156 930; x_wconf 89' lang='lat' dir='ltr'>matrem</span> 
     </span>
     <span class='ocr_line' id='line_1_8' title="bbox 151 956 1190 1050; baseline 0.008 -20"><span class='ocrx_word' id='word_1_50' title='bbox 151 972 252 1031; x_wconf 87' lang='lat' dir='ltr'>adhuc</span> <span class='ocrx_word' id='word_1_51' title='bbox 267 991 366 1047; x_wconf 87' lang='lat' dir='ltr'>agere.</span> <span class='ocrx_word' id='word_1_52' title='bbox 410 972 632 1031; x_wconf 82' lang='lat' dir='ltr'>Scribonianus</span> <span class='ocrx_word' id='word_1_53' title='bbox 646 991 732 1032; x_wconf 88' lang='lat' dir='ltr'>arma</span> <span class='ocrx_word' id='word_1_54' title='bbox 746 973 779 1031; x_wconf 91' lang='lat' dir='ltr'>in</span> <span class='ocrx_word' id='word_1_55' title='bbox 795 973 926 1050; x_wconf 66' lang='lat' dir='ltr'>Illyrico</span> <span class='ocrx_word' id='word_1_56' title='bbox 939 956 1157 1037; x_wconf 69' lang='grc' dir='ltr'><strong>001111001οι1-</strong></span> <span class='ocrx_word' id='word_1_57' title='bbox 1176 992 1190 1038; x_wconf 75' lang='lat' dir='ltr'>t</span> 
     </span>
     <span class='ocr_line' id='line_1_9' title="bbox 151 1077 1157 1155; baseline 0.005 -20"><span class='ocrx_word' id='word_1_58' title='bbox 151 1078 238 1136; x_wconf 89' lang='lat' dir='ltr'>dium</span> <span class='ocrx_word' id='word_1_59' title='bbox 257 1087 410 1137; x_wconf 76' lang='lat' dir='ltr'>moverat:</span> <span class='ocrx_word' id='word_1_60' title='bbox 434 1077 538 1136; x_wconf 86' lang='lat' dir='ltr'>fuerat</span> <span class='ocrx_word' id='word_1_61' title='bbox 554 1079 671 1136; x_wconf 90' lang='lat' dir='ltr'>Paetus</span> <span class='ocrx_word' id='word_1_62' title='bbox 691 1078 723 1135; x_wconf 92' lang='lat' dir='ltr'>in</span> <span class='ocrx_word' id='word_1_63' title='bbox 743 1079 884 1155; x_wconf 88' lang='lat' dir='ltr'>partibus</span> <span class='ocrx_word' id='word_1_64' title='bbox 904 1085 936 1138; x_wconf 91' lang='lat' dir='ltr'>et</span> <span class='ocrx_word' id='word_1_65' title='bbox 954 1081 1057 1139; x_wconf 90' lang='lat' dir='ltr'>occiso</span> <span class='ocrx_word' id='word_1_66' title='bbox 1076 1081 1157 1141; x_wconf 88' lang='lat' dir='ltr'>Scri·</span> 
     </span>
     <span class='ocr_line' id='line_1_10' title="bbox 151 1166 1192 1247; baseline 0.005 -5"><span class='ocrx_word' id='word_1_67' title='bbox 151 1184 285 1242; x_wconf 91' lang='lat' dir='ltr'>boniano</span> <span class='ocrx_word' id='word_1_68' title='bbox 312 1184 442 1242; x_wconf 87' lang='lat' dir='ltr'>Romam</span> <span class='ocrx_word' id='word_1_69' title='bbox 471 1182 661 1242; x_wconf 89' lang='lat' dir='ltr'>trahebatur.</span> <span class='ocrx_word' id='word_1_70' title='bbox 717 1184 796 1243; x_wconf 87' lang='lat' dir='ltr'>Erat</span> <span class='ocrx_word' id='word_1_71' title='bbox 822 1166 1007 1245; x_wconf 86' lang='lat' dir='ltr'>ascensurus</span> <span class='ocrx_word' id='word_1_72' title='bbox 1032 1203 1192 1247; x_wconf 79' lang='grc'><strong>1101101110</strong></span> 
     </span>
     <span class='ocr_line' id='line_1_11' title="bbox 104 1286 1157 1370; baseline 0.002 -21"><span class='ocrx_word' id='word_1_73' title='bbox 104 1302 133 1349; x_wconf 91' lang='grc'>10</span> <span class='ocrx_word' id='word_1_74' title='bbox 152 1288 247 1347; x_wconf 81' lang='lat' dir='ltr'>Arria</span> <span class='ocrx_word' id='word_1_75' title='bbox 272 1288 388 1347; x_wconf 88' lang='lat' dir='ltr'>milites</span> <span class='ocrx_word' id='word_1_76' title='bbox 419 1289 527 1347; x_wconf 88' lang='lat' dir='ltr'>orabat</span> <span class='ocrx_word' id='word_1_77' title='bbox 561 1296 596 1347; x_wconf 92' lang='lat' dir='ltr'>ut</span> <span class='ocrx_word' id='word_1_78' title='bbox 624 1286 956 1366; x_wconf 80' lang='lat' dir='ltr'>simul&#39;inponeretur.</span> <span class='ocrx_word' id='word_1_79' title='bbox 1014 1293 1157 1370; x_wconf 82' lang='lat' dir='ltr'>‘Nempe</span> 
     </span>
     <span class='ocr_line' id='line_1_12' title="bbox 152 1393 1159 1470; baseline 0.004 -18"><span class='ocrx_word' id='word_1_80' title='bbox 152 1395 250 1453; x_wconf 87' lang='lat' dir='ltr'>enim&#39;</span> <span class='ocrx_word' id='word_1_81' title='bbox 276 1394 380 1470; x_wconf 88' lang='lat' dir='ltr'>inquit</span> <span class='ocrx_word' id='word_1_82' title='bbox 405 1393 526 1453; x_wconf 82' lang='lat' dir='ltr'>‘daturi</span> <span class='ocrx_word' id='word_1_83' title='bbox 555 1393 631 1453; x_wconf 87' lang='lat' dir='ltr'>estis</span> <span class='ocrx_word' id='word_1_84' title='bbox 655 1393 811 1453; x_wconf 90' lang='lat' dir='ltr'>consulari</span> <span class='ocrx_word' id='word_1_85' title='bbox 836 1396 904 1454; x_wconf 77' lang='lat' dir='ltr'>viro</span> <span class='ocrx_word' id='word_1_86' title='bbox 931 1396 1072 1457; x_wconf 78' lang='lat' dir='ltr'>servulos</span> <span class='ocrx_word' id='word_1_87' title='bbox 1101 1397 1159 1456; x_wconf 87' lang='lat' dir='ltr'>ali-</span> 
     </span>
     <span class='ocr_line' id='line_1_13' title="bbox 153 1499 1160 1578; baseline 0.006 -20"><span class='ocrx_word' id='word_1_88' title='bbox 153 1519 240 1577; x_wconf 83' lang='lat' dir='ltr'>quos,</span> <span class='ocrx_word' id='word_1_89' title='bbox 256 1519 387 1576; x_wconf 91' lang='lat' dir='ltr'>quorum</span> <span class='ocrx_word' id='word_1_90' title='bbox 401 1518 417 1557; x_wconf 89' lang='lat' dir='ltr'>e</span> <span class='ocrx_word' id='word_1_91' title='bbox 432 1519 526 1559; x_wconf 92' lang='lat' dir='ltr'>manu</span> <span class='ocrx_word' id='word_1_92' title='bbox 543 1499 646 1569; x_wconf 89' lang='lat' dir='ltr'>cibum</span> <span class='ocrx_word' id='word_1_93' title='bbox 666 1501 779 1576; x_wconf 90' lang='lat' dir='ltr'>capiat,</span> <span class='ocrx_word' id='word_1_94' title='bbox 795 1519 813 1559; x_wconf 90' lang='lat' dir='ltr'>a</span> <span class='ocrx_word' id='word_1_95' title='bbox 827 1502 942 1577; x_wconf 90' lang='lat' dir='ltr'>quibus</span> <span class='ocrx_word' id='word_1_96' title='bbox 956 1503 1121 1578; x_wconf 78' lang='lat' dir='ltr'>vestiatur,</span> <span class='ocrx_word' id='word_1_97' title='bbox 1138 1523 1160 1564; x_wconf 85' lang='lat' dir='ltr'>a</span> 
     </span>
     <span class='ocr_line' id='line_1_14' title="bbox 153 1605 1239 1685; baseline 0.005 -22"><span class='ocrx_word' id='word_1_98' title='bbox 153 1606 266 1684; x_wconf 90' lang='lat' dir='ltr'>quibus</span> <span class='ocrx_word' id='word_1_99' title='bbox 287 1605 451 1664; x_wconf 88' lang='lat' dir='ltr'>calcietur:</span> <span class='ocrx_word' id='word_1_100' title='bbox 478 1605 581 1663; x_wconf 88' lang='lat' dir='ltr'>omnia</span> <span class='ocrx_word' id='word_1_101' title='bbox 603 1605 669 1664; x_wconf 88' lang='lat' dir='ltr'>sola</span> <span class='ocrx_word' id='word_1_102' title='bbox 690 1606 874 1682; x_wconf 70' lang='lat' dir='ltr'>praestabo!</span> <span class='ocrx_word' id='word_1_103' title='bbox 915 1608 989 1665; x_wconf 77' lang='lat' dir='ltr'>Nou</span> <span class='ocrx_word' id='word_1_104' title='bbox 1010 1607 1160 1685; x_wconf 84' lang='lat' dir='ltr'>impetra·</span> <span class='ocrx_word' id='word_1_105' title='bbox 1179 1628 1194 1673; x_wconf 85' lang='lat'>9</span> <span class='ocrx_word' id='word_1_106' title='bbox 1235 1625 1239 1630; x_wconf 84' lang='lat'>·</span> 
     </span>
     <span class='ocr_line' id='line_1_15' title="bbox 152 1693 1246 1789; baseline 0.004 -20"><span class='ocrx_word' id='word_1_107' title='bbox 152 1711 214 1770; x_wconf 83' lang='lat' dir='ltr'>vit:</span> <span class='ocrx_word' id='word_1_108' title='bbox 237 1711 387 1770; x_wconf 86' lang='lat' dir='ltr'>conduxit</span> <span class='ocrx_word' id='word_1_109' title='bbox 402 1709 600 1787; x_wconf 80' lang='lat' dir='ltr'>piscatoriam</span> <span class='ocrx_word' id='word_1_110' title='bbox 618 1710 783 1769; x_wconf 87' lang='lat' dir='ltr'>nauculam</span> <span class='ocrx_word' id='word_1_111' title='bbox 800 1711 973 1788; x_wconf 83' lang='lat' dir='ltr'>ingensque</span> <span class='ocrx_word' id='word_1_112' title='bbox 992 1713 1159 1789; x_wconf 84' lang='lat' dir='ltr'>navigium</span> <span class='ocrx_word' id='word_1_113' title='bbox 1232 1693 1246 1727; x_wconf 32' lang='grc' dir='ltr'>χ</span> 
     </span>
     <span class='ocr_line' id='line_1_16' title="bbox 104 1795 1185 1893; baseline 0.002 -16"><span class='ocrx_word' id='word_1_114' title='bbox 104 1831 133 1877; x_wconf 79' lang='lat'>15</span> <span class='ocrx_word' id='word_1_115' title='bbox 153 1817 282 1876; x_wconf 87' lang='lat' dir='ltr'>minimo</span> <span class='ocrx_word' id='word_1_116' title='bbox 296 1822 403 1876; x_wconf 86' lang='lat' dir='ltr'>secuta</span> <span class='ocrx_word' id='word_1_117' title='bbox 416 1821 472 1875; x_wconf 91' lang='lat' dir='ltr'>est.</span> <span class='ocrx_word' id='word_1_118' title='bbox 514 1816 633 1874; x_wconf 88' lang='lat' dir='ltr'>Eadem</span> <span class='ocrx_word' id='word_1_119' title='bbox 647 1816 730 1893; x_wconf 88' lang='lat' dir='ltr'>apud</span> <span class='ocrx_word' id='word_1_120' title='bbox 745 1815 911 1876; x_wconf 86' lang='lat' dir='ltr'>Claudium</span> <span class='ocrx_word' id='word_1_121' title='bbox 925 1817 1016 1876; x_wconf 79' lang='lat' dir='ltr'>uxori</span> <span class='ocrx_word' id='word_1_122' title='bbox 1036 1795 1185 1879; x_wconf 52' lang='lat' dir='ltr'>Scribe⁸</span> 
     </span>
     <span class='ocr_line' id='line_1_17' title="bbox 154 1921 1160 2001; baseline 0.004 -20"><span class='ocrx_word' id='word_1_123' title='bbox 154 1923 249 1997; x_wconf 88' lang='lat' dir='ltr'>niani,</span> <span class='ocrx_word' id='word_1_124' title='bbox 273 1942 344 1982; x_wconf 88' lang='grc'><strong>011111</strong></span> <span class='ocrx_word' id='word_1_125' title='bbox 369 1921 425 1980; x_wconf 88' lang='lat' dir='ltr'>illa</span> <span class='ocrx_word' id='word_1_126' title='bbox 448 1921 647 1998; x_wconf 87' lang='lat' dir='ltr'>profiteretur</span> <span class='ocrx_word' id='word_1_127' title='bbox 672 1921 831 1996; x_wconf 88' lang='lat' dir='ltr'>iudicium,</span> <span class='ocrx_word' id='word_1_128' title='bbox 858 1923 946 1997; x_wconf 82' lang='lat' dir='ltr'>‘ego&#39;</span> <span class='ocrx_word' id='word_1_129' title='bbox 971 1923 1078 2000; x_wconf 86' lang='lat' dir='ltr'>inquit</span> <span class='ocrx_word' id='word_1_130' title='bbox 1098 1930 1160 2001; x_wconf 65' lang='lat' dir='ltr'>fte</span> 
     </span>
     <span class='ocr_line' id='line_1_18' title="bbox 154 2026 1161 2104; baseline 0.002 -16"><span class='ocrx_word' id='word_1_131' title='bbox 154 2029 288 2101; x_wconf 87' lang='lat' dir='ltr'>audiam,</span> <span class='ocrx_word' id='word_1_132' title='bbox 316 2027 405 2087; x_wconf 90' lang='lat' dir='ltr'>ouius</span> <span class='ocrx_word' id='word_1_133' title='bbox 433 2026 467 2084; x_wconf 91' lang='lat' dir='ltr'>in</span> <span class='ocrx_word' id='word_1_134' title='bbox 493 2027 609 2101; x_wconf 89' lang='lat' dir='ltr'>gremio</span> <span class='ocrx_word' id='word_1_135' title='bbox 638 2027 857 2086; x_wconf 87' lang='lat' dir='ltr'>Scribonianus</span> <span class='ocrx_word' id='word_1_136' title='bbox 890 2027 1010 2088; x_wconf 89' lang='lat' dir='ltr'>occisus</span> <span class='ocrx_word' id='word_1_137' title='bbox 1036 2034 1097 2104; x_wconf 89' lang='lat' dir='ltr'>est,</span> <span class='ocrx_word' id='word_1_138' title='bbox 1125 2036 1161 2090; x_wconf 88' lang='lat' dir='ltr'>et</span> 
     </span>
     <span class='ocr_line' id='line_1_19' title="bbox 154 2126 1161 2211; baseline 0.004 -20"><span class='ocrx_word' id='word_1_139' title='bbox 154 2134 235 2193; x_wconf 79' lang='lat' dir='ltr'>vivis</span> <span class='ocrx_word' id='word_1_140' title='bbox 246 2133 279 2192; x_wconf 86' lang='lat'>?’</span> <span class='ocrx_word' id='word_1_141' title='bbox 321 2134 370 2191; x_wconf 83' lang='lat' dir='ltr'>Ex</span> <span class='ocrx_word' id='word_1_142' title='bbox 390 2151 452 2209; x_wconf 91' lang='lat' dir='ltr'>quo</span> <span class='ocrx_word' id='word_1_143' title='bbox 471 2132 671 2192; x_wconf 88' lang='lat' dir='ltr'>manifestum</span> <span class='ocrx_word' id='word_1_144' title='bbox 690 2126 738 2191; x_wconf 82' lang='lat' dir='ltr'>est</span> <span class='ocrx_word' id='word_1_145' title='bbox 756 2132 785 2191; x_wconf 91' lang='lat' dir='ltr'>ei</span> <span class='ocrx_word' id='word_1_146' title='bbox 802 2132 969 2192; x_wconf 85' lang='lat' dir='ltr'>consilium</span> <span class='ocrx_word' id='word_1_147' title='bbox 985 2133 1161 2211; x_wconf 87' lang='lat' dir='ltr'>pulcherri-</span> 
     </span>
     <span class='ocr_line' id='line_1_20' title="bbox 127 2237 1208 2312; baseline -0.001 -12"><span class='ocrx_word' id='word_1_148' title='bbox 127 2280 142 2304; x_wconf 75' lang='grc'>-,</span> <span class='ocrx_word' id='word_1_149' title='bbox 153 2259 221 2300; x_wconf 89' lang='lat' dir='ltr'>mae</span> <span class='ocrx_word' id='word_1_150' title='bbox 236 2240 345 2300; x_wconf 88' lang='lat' dir='ltr'>mortis</span> <span class='ocrx_word' id='word_1_151' title='bbox 364 2259 427 2297; x_wconf 91' lang='grc'><strong>11011</strong></span> <span class='ocrx_word' id='word_1_152' title='bbox 447 2237 585 2297; x_wconf 90' lang='lat' dir='ltr'>subitum</span> <span class='ocrx_word' id='word_1_153' title='bbox 602 2237 709 2297; x_wconf 87' lang='lat' dir='ltr'>fuisse.</span> <span class='ocrx_word' id='word_1_154' title='bbox 752 2237 833 2307; x_wconf 82' lang='lat' dir='ltr'>Quin</span> <span class='ocrx_word' id='word_1_155' title='bbox 852 2238 957 2312; x_wconf 89' lang='lat' dir='ltr'>etiam,</span> <span class='ocrx_word' id='word_1_156' title='bbox 971 2257 1042 2298; x_wconf 88' lang='lat' dir='ltr'>cum</span> <span class='ocrx_word' id='word_1_157' title='bbox 1059 2239 1162 2302; x_wconf 87' lang='lat' dir='ltr'>Thra·</span> <span class='ocrx_word' id='word_1_158' title='bbox 1181 2254 1208 2299; x_wconf 89' lang='grc'>10</span> 
     </span>
     <span class='ocr_line' id='line_1_21' title="bbox 104 2343 1160 2423; baseline 0.004 -20"><span class='ocrx_word' id='word_1_159' title='bbox 104 2357 134 2403; x_wconf 79' lang='lat' dir='ltr'>ao</span> <span class='ocrx_word' id='word_1_160' title='bbox 154 2365 215 2420; x_wconf 88' lang='lat' dir='ltr'>sea,</span> <span class='ocrx_word' id='word_1_161' title='bbox 235 2365 329 2422; x_wconf 87' lang='lat' dir='ltr'>gener</span> <span class='ocrx_word' id='word_1_162' title='bbox 350 2345 426 2418; x_wconf 88' lang='lat' dir='ltr'>eius,</span> <span class='ocrx_word' id='word_1_163' title='bbox 447 2345 664 2420; x_wconf 87' lang='lat' dir='ltr'>deprecaretur</span> <span class='ocrx_word' id='word_1_164' title='bbox 686 2343 824 2401; x_wconf 91' lang='lat' dir='ltr'>nemori</span> <span class='ocrx_word' id='word_1_165' title='bbox 845 2349 988 2420; x_wconf 83' lang='lat' dir='ltr'>pergeret</span> <span class='ocrx_word' id='word_1_166' title='bbox 1009 2343 1160 2423; x_wconf 88' lang='lat' dir='ltr'>interque</span> 
     </span>
     <span class='ocr_line' id='line_1_22' title="bbox 154 2447 1160 2526; baseline 0.001 -16"><span class='ocrx_word' id='word_1_167' title='bbox 154 2451 218 2512; x_wconf 89' lang='lat' dir='ltr'>alia</span> <span class='ocrx_word' id='word_1_168' title='bbox 238 2451 370 2510; x_wconf 80' lang='lat' dir='ltr'>dixisset</span> <span class='ocrx_word' id='word_1_169' title='bbox 391 2449 455 2509; x_wconf 85' lang='lat' dir='ltr'>‘vis</span> <span class='ocrx_word' id='word_1_170' title='bbox 477 2467 549 2525; x_wconf 86' lang='lat' dir='ltr'>ergo</span> <span class='ocrx_word' id='word_1_171' title='bbox 569 2447 667 2507; x_wconf 88' lang='lat' dir='ltr'>filiam</span> <span class='ocrx_word' id='word_1_172' title='bbox 687 2454 783 2521; x_wconf 83' lang='lat' dir='ltr'>tuam,</span> <span class='ocrx_word' id='word_1_173' title='bbox 806 2449 833 2508; x_wconf 85' lang='lat' dir='ltr'>si</span> <span class='ocrx_word' id='word_1_174' title='bbox 858 2449 937 2507; x_wconf 90' lang='lat' dir='ltr'>mihi</span> <span class='ocrx_word' id='word_1_175' title='bbox 960 2451 1160 2526; x_wconf 87' lang='lat' dir='ltr'>pereundmn</span> 
     </span>
     <span class='ocr_line' id='line_1_23' title="bbox 154 2553 1160 2634; baseline 0.001 -17"><span class='ocrx_word' id='word_1_176' title='bbox 154 2558 259 2632; x_wconf 88' lang='lat' dir='ltr'>fuerit,</span> <span class='ocrx_word' id='word_1_177' title='bbox 285 2556 363 2615; x_wconf 88' lang='lat' dir='ltr'>mori</span> <span class='ocrx_word' id='word_1_178' title='bbox 387 2554 551 2614; x_wconf 85' lang='lat' dir='ltr'>mecum?&#39;</span> <span class='ocrx_word' id='word_1_179' title='bbox 580 2554 741 2630; x_wconf 90' lang='lat' dir='ltr'>respondit</span> <span class='ocrx_word' id='word_1_180' title='bbox 766 2553 810 2613; x_wconf 88' lang='lat' dir='ltr'>‘si</span> <span class='ocrx_word' id='word_1_181' title='bbox 834 2558 900 2613; x_wconf 87' lang='lat' dir='ltr'>tam</span> <span class='ocrx_word' id='word_1_182' title='bbox 924 2554 980 2614; x_wconf 86' lang='lat' dir='ltr'>diu</span> <span class='ocrx_word' id='word_1_183' title='bbox 1002 2560 1160 2634; x_wconf 87' lang='lat' dir='ltr'>tantaque</span> 
     </span>
     <span class='ocr_line' id='line_1_24' title="bbox 154 2661 1159 2735; baseline -0.001 -12"><span class='ocrx_word' id='word_1_184' title='bbox 154 2663 317 2723; x_wconf 86' lang='lat' dir='ltr'>concordia</span> <span class='ocrx_word' id='word_1_185' title='bbox 343 2661 458 2720; x_wconf 83' lang='lat' dir='ltr'>vixerit</span> <span class='ocrx_word' id='word_1_186' title='bbox 486 2665 589 2719; x_wconf 88' lang='lat' dir='ltr'>tecum</span> <span class='ocrx_word' id='word_1_187' title='bbox 620 2678 713 2735; x_wconf 89' lang='lat' dir='ltr'>quam</span> <span class='ocrx_word' id='word_1_188' title='bbox 741 2678 797 2734; x_wconf 87' lang='lat' dir='ltr'>ego</span> <span class='ocrx_word' id='word_1_189' title='bbox 824 2678 895 2718; x_wconf 86' lang='lat' dir='ltr'>oum</span> <span class='ocrx_word' id='word_1_190' title='bbox 928 2661 1035 2735; x_wconf 83' lang='lat' dir='ltr'>Paete,</span> <span class='ocrx_word' id='word_1_191' title='bbox 1063 2662 1159 2723; x_wconf 66' lang='lat' dir='ltr'>volo!</span> 
     </span>
     <span class='ocr_line' id='line_1_25' title="bbox 154 2765 1206 2844; baseline 0 -17"><span class='ocrx_word' id='word_1_192' title='bbox 154 2770 295 2827; x_wconf 71' lang='lat' dir='ltr'>:luxerat</span> <span class='ocrx_word' id='word_1_193' title='bbox 311 2767 369 2826; x_wconf 88' lang='grc'><strong>1100</strong></span> <span class='ocrx_word' id='word_1_194' title='bbox 387 2784 535 2844; x_wconf 87' lang='lat' dir='ltr'>responso</span> <span class='ocrx_word' id='word_1_195' title='bbox 552 2783 657 2824; x_wconf 89' lang='lat' dir='ltr'>curam</span> <span class='ocrx_word' id='word_1_196' title='bbox 676 2783 818 2837; x_wconf 84' lang='lat' dir='ltr'>suorum,</span> <span class='ocrx_word' id='word_1_197' title='bbox 831 2765 1161 2836; x_wconf 67' lang='lat' dir='ltr'>attentiusourtodie</span> <span class='ocrx_word' id='word_1_198' title='bbox 1180 2783 1206 2828; x_wconf 87' lang='lat'>11</span> 
     </span>
     <span class='ocr_line' id='line_1_26' title="bbox 105 2869 1211 2954; baseline 0.001 -22"><span class='ocrx_word' id='word_1_199' title='bbox 105 2887 133 2932; x_wconf 72' lang='lat' dir='ltr'>aa</span> <span class='ocrx_word' id='word_1_200' title='bbox 153 2875 262 2935; x_wconf 90' lang='lat' dir='ltr'>batur:</span> <span class='ocrx_word' id='word_1_201' title='bbox 296 2873 395 2934; x_wconf 90' lang='lat' dir='ltr'>sensit</span> <span class='ocrx_word' id='word_1_202' title='bbox 418 2877 450 2930; x_wconf 90' lang='lat' dir='ltr'>et</span> <span class='ocrx_word' id='word_1_203' title='bbox 483 2869 579 2929; x_wconf 83' lang='lat' dir='ltr'>‘nihil</span> <span class='ocrx_word' id='word_1_204' title='bbox 604 2869 715 2944; x_wconf 85' lang='lat' dir='ltr'>agitis&#39;</span> <span class='ocrx_word' id='word_1_205' title='bbox 740 2869 860 2947; x_wconf 87' lang='lat' dir='ltr'>iuquit:</span> <span class='ocrx_word' id='word_1_206' title='bbox 895 2871 1045 2947; x_wconf 86' lang='lat' dir='ltr'>‘potestis</span> <span class='ocrx_word' id='word_1_207' title='bbox 1071 2874 1161 2933; x_wconf 89' lang='lat' dir='ltr'>enim</span> <span class='ocrx_word' id='word_1_208' title='bbox 1207 2948 1211 2954; x_wconf 24' lang='grc' dir='ltr'>Ι</span> 
     </span>
     <span class='ocr_line' id='line_1_27' title="bbox 154 2964 1202 3054; baseline -0.001 -14"><span class='ocrx_word' id='word_1_209' title='bbox 154 2980 272 3040; x_wconf 89' lang='lat' dir='ltr'>efficere</span> <span class='ocrx_word' id='word_1_210' title='bbox 299 2985 336 3038; x_wconf 91' lang='lat' dir='ltr'>ut</span> <span class='ocrx_word' id='word_1_211' title='bbox 363 2978 443 3037; x_wconf 89' lang='lat' dir='ltr'>male</span> <span class='ocrx_word' id='word_1_212' title='bbox 472 2975 595 3049; x_wconf 91' lang='lat' dir='ltr'>moriar,</span> <span class='ocrx_word' id='word_1_213' title='bbox 623 2980 659 3034; x_wconf 90' lang='lat' dir='ltr'>ut</span> <span class='ocrx_word' id='word_1_214' title='bbox 683 2994 745 3033; x_wconf 92' lang='grc'><strong>11011</strong></span> <span class='ocrx_word' id='word_1_215' title='bbox 769 2975 884 3035; x_wconf 89' lang='lat' dir='ltr'>moriar</span> <span class='ocrx_word' id='word_1_216' title='bbox 911 2995 974 3034; x_wconf 92' lang='grc'><strong>11011</strong></span> <span class='ocrx_word' id='word_1_217' title='bbox 1001 2978 1159 3054; x_wconf 84' lang='lat' dir='ltr'>potestis&#39;</span> <span class='ocrx_word' id='word_1_218' title='bbox 1195 2964 1202 3044; x_wconf 46' lang='grc' dir='ltr'>’ζ</span> 
     </span>
     <span class='ocr_line' id='line_1_28' title="bbox 154 3058 1208 3159; baseline -0.001 -14"><span class='ocrx_word' id='word_1_219' title='bbox 154 3087 236 3145; x_wconf 89' lang='lat' dir='ltr'>Dum</span> <span class='ocrx_word' id='word_1_220' title='bbox 264 3085 340 3144; x_wconf 87' lang='lat' dir='ltr'>haec</span> <span class='ocrx_word' id='word_1_221' title='bbox 368 3083 453 3157; x_wconf 85' lang='lat' dir='ltr'>dicit,</span> <span class='ocrx_word' id='word_1_222' title='bbox 483 3081 612 3141; x_wconf 87' lang='lat' dir='ltr'>exsiluit</span> <span class='ocrx_word' id='word_1_223' title='bbox 641 3080 788 3140; x_wconf 85' lang='lat' dir='ltr'>cathedra</span> <span class='ocrx_word' id='word_1_224' title='bbox 820 3081 1012 3159; x_wconf 87' lang='lat' dir='ltr'>adversoque</span> <span class='ocrx_word' id='word_1_225' title='bbox 1039 3083 1160 3158; x_wconf 84' lang='lat' dir='ltr'>parieti</span> <span class='ocrx_word' id='word_1_226' title='bbox 1176 3058 1208 3144; x_wconf 79' lang='grc'>11</span> 
     </span>
     <span class='ocr_line' id='line_1_29' title="bbox 153 3185 1161 3269; baseline -0.004 -18"><span class='ocrx_word' id='word_1_227' title='bbox 153 3197 247 3269; x_wconf 86' lang='lat' dir='ltr'>eaput</span> <span class='ocrx_word' id='word_1_228' title='bbox 262 3189 382 3265; x_wconf 90' lang='lat' dir='ltr'>ingenti</span> <span class='ocrx_word' id='word_1_229' title='bbox 397 3188 516 3264; x_wconf 89' lang='lat' dir='ltr'>impetu</span> <span class='ocrx_word' id='word_1_230' title='bbox 531 3186 662 3264; x_wconf 87' lang='lat' dir='ltr'>impegit</span> <span class='ocrx_word' id='word_1_231' title='bbox 679 3191 711 3244; x_wconf 91' lang='lat' dir='ltr'>et</span> <span class='ocrx_word' id='word_1_232' title='bbox 730 3185 853 3246; x_wconf 87' lang='lat' dir='ltr'>corruit.</span> <span class='ocrx_word' id='word_1_233' title='bbox 897 3186 1039 3245; x_wconf 84' lang='lat' dir='ltr'>Focilata</span> <span class='ocrx_word' id='word_1_234' title='bbox 1054 3187 1161 3261; x_wconf 77' lang='lat' dir='ltr'>‘dixe-</span> 
     </span>
     <span class='ocr_line' id='line_1_30' title="bbox 154 3291 1161 3372; baseline -0.001 -17"><span class='ocrx_word' id='word_1_235' title='bbox 154 3297 236 3355; x_wconf 86' lang='lat' dir='ltr'>ram&#39;</span> <span class='ocrx_word' id='word_1_236' title='bbox 256 3295 360 3372; x_wconf 90' lang='lat' dir='ltr'>inquit</span> <span class='ocrx_word' id='word_1_237' title='bbox 385 3293 490 3353; x_wconf 79' lang='lat' dir='ltr'>‘vobis</span> <span class='ocrx_word' id='word_1_238' title='bbox 511 3292 710 3350; x_wconf 79' lang='lat' dir='ltr'>inventuram</span> <span class='ocrx_word' id='word_1_239' title='bbox 728 3309 776 3349; x_wconf 91' lang='lat' dir='ltr'>me</span> <span class='ocrx_word' id='word_1_240' title='bbox 796 3291 968 3367; x_wconf 89' lang='lat' dir='ltr'>quamlibet</span> <span class='ocrx_word' id='word_1_241' title='bbox 986 3292 1098 3351; x_wconf 88' lang='lat' dir='ltr'>duram</span> <span class='ocrx_word' id='word_1_242' title='bbox 1117 3294 1161 3354; x_wconf 88' lang='lat' dir='ltr'>ad</span> 
     </span>
     <span class='ocr_line' id='line_1_31' title="bbox 105 3395 1209 3504; baseline -0.002 -42"><span class='ocrx_word' id='word_1_243' title='bbox 105 3417 134 3462; x_wconf 80' lang='lat'>30</span> <span class='ocrx_word' id='word_1_244' title='bbox 153 3407 283 3461; x_wconf 89' lang='lat' dir='ltr'>mortem</span> <span class='ocrx_word' id='word_1_245' title='bbox 312 3399 404 3472; x_wconf 90' lang='lat' dir='ltr'>viam,</span> <span class='ocrx_word' id='word_1_246' title='bbox 430 3398 457 3458; x_wconf 91' lang='lat' dir='ltr'>si</span> <span class='ocrx_word' id='word_1_247' title='bbox 481 3416 536 3457; x_wconf 86' lang='lat' dir='ltr'>vos</span> <span class='ocrx_word' id='word_1_248' title='bbox 560 3395 688 3456; x_wconf 84' lang='lat' dir='ltr'>facilem</span> <span class='ocrx_word' id='word_1_249' title='bbox 715 3396 907 3471; x_wconf 84' lang='lat' dir='ltr'>negassetis.&#39;</span> <span class='ocrx_word' id='word_1_250' title='bbox 957 3396 1173 3504; x_wconf 47' lang='lat' dir='ltr'>Videnturne)</span> <span class='ocrx_word' id='word_1_251' title='bbox 1181 3414 1209 3460; x_wconf 82' lang='lat'>13</span> 
     </span>
     <span class='ocr_line' id='line_1_32' title="bbox 69 3501 1162 3591; baseline -0.003 -26"><span class='ocrx_word' id='word_1_252' title='bbox 69 3582 74 3591; x_wconf 88' lang='lat'><em>.</em></span> <span class='ocrx_word' id='word_1_253' title='bbox 137 3507 221 3565; x_wconf 80' lang='lat' dir='ltr'>haec</span> <span class='ocrx_word' id='word_1_254' title='bbox 247 3506 306 3567; x_wconf 83' lang='lat' dir='ltr'>tibi</span> <span class='ocrx_word' id='word_1_255' title='bbox 329 3506 453 3568; x_wconf 86' lang='lat' dir='ltr'>rnaiora</span> <span class='ocrx_word' id='word_1_256' title='bbox 478 3503 536 3566; x_wconf 92' lang='lat' dir='ltr'>illo</span> <span class='ocrx_word' id='word_1_257' title='bbox 559 3503 687 3577; x_wconf 85' lang='lat' dir='ltr'>‘Paete,</span> <span class='ocrx_word' id='word_1_258' title='bbox 709 3520 777 3560; x_wconf 89' lang='lat' dir='ltr'>uon</span> <span class='ocrx_word' id='word_1_259' title='bbox 798 3501 897 3574; x_wconf 62' lang='lat' dir='ltr'>dolet}</span> <span class='ocrx_word' id='word_1_260' title='bbox 930 3501 975 3558; x_wconf 78' lang='lat' dir='ltr'>ad</span> <span class='ocrx_word' id='word_1_261' title='bbox 995 3502 1082 3573; x_wconf 57' lang='lat' dir='ltr'>duod</span> <span class='ocrx_word' id='word_1_262' title='bbox 1099 3522 1162 3576; x_wconf 74' lang='lat' dir='ltr'>per</span> 
     </span>
     <span class='ocr_line' id='line_1_33' title="bbox 116 3599 1191 3692; baseline -0.007 -25"><span class='ocrx_word' id='word_1_263' title='bbox 116 3609 204 3670; x_wconf 77' lang='lat' dir='ltr'>haec</span> <span class='ocrx_word' id='word_1_264' title='bbox 221 3621 427 3692; x_wconf 77' lang='lat' dir='ltr'>perventum</span> <span class='ocrx_word' id='word_1_265' title='bbox 452 3617 536 3680; x_wconf 82' lang='lat' dir='ltr'>est?</span> <span class='ocrx_word' id='word_1_266' title='bbox 561 3632 641 3677; x_wconf 79' lang='lat' dir='ltr'>eum</span> <span class='ocrx_word' id='word_1_267' title='bbox 658 3607 799 3671; x_wconf 85' lang='lat' dir='ltr'>interim</span> <span class='ocrx_word' id='word_1_268' title='bbox 813 3604 904 3664; x_wconf 76' lang='lat' dir='ltr'>illud</span> <span class='ocrx_word' id='word_1_269' title='bbox 921 3601 1056 3676; x_wconf 65' lang='lat' dir='ltr'>quibem</span> <span class='ocrx_word' id='word_1_270' title='bbox 1066 3599 1191 3672; x_wconf 66' lang='lat' dir='ltr'>&#39;ungena</span> 
     </span>
    </p>
   </div>
   <div class='ocr_carea' id='block_1_3' title="bbox 0 0 1273 3870">
    <p class='ocr_par' dir='ltr' id='par_1_3' title="bbox 0 0 1273 3870">
     <span class='ocr_line' id='line_1_34' title="bbox 0 0 1273 3870; baseline 0 0"><span class='ocrx_word' id='word_1_271' title='bbox 0 0 1273 3870; x_wconf 95' lang='lat' dir='ltr'> </span> 
     </span>
    </p>
   </div>
  </div>
 </body>
</html>
