<?xml version="1.0" encoding="UTF-8"?>
<!DOCTYPE html PUBLIC "-//W3C//DTD XHTML 1.0 Transitional//EN"
    "http://www.w3.org/TR/xhtml1/DTD/xhtml1-transitional.dtd">
<html xmlns="http://www.w3.org/1999/xhtml" xml:lang="en" lang="en">
 <head>
  <title>
</title>
<meta http-equiv="Content-Type" content="text/html;charset=utf-8" />
  <meta name='ocr-system' content='tesseract 3.04.00' />
  <meta name='ocr-capabilities' content='ocr_page ocr_carea ocr_par ocr_line ocrx_word'/>
</head>
<body>
  <div class='ocr_page' id='page_1' title='image "./cplinisecundiep01plingoog_0063.png"; bbox 0 0 2512 3870; ppageno 0'>
   <div class='ocr_carea' id='block_1_1' title="bbox 137 107 729 213">
    <p class='ocr_par' dir='ltr' id='par_1_1' title="bbox 137 107 729 213">
     <span class='ocr_line' id='line_1_1' title="bbox 137 107 729 213; baseline -0.002 -9"><span class='ocrx_word' id='word_1_1' title='bbox 137 141 178 204; x_wconf 78' lang='lat'>24</span> <span class='ocrx_word' id='word_1_2' title='bbox 252 209 254 213; x_wconf 70' lang='grc'>,</span> <span class='ocrx_word' id='word_1_3' title='bbox 562 154 592 205; x_wconf 86' lang='grc'>0.</span> <span class='ocrx_word' id='word_1_4' title='bbox 611 107 729 204; x_wconf 81' lang='lat' dir='ltr'>runu</span> 
     </span>
    </p>
   </div>
   <div class='ocr_carea' id='block_1_2' title="bbox 99 325 1219 1247">
    <p class='ocr_par' dir='ltr' id='par_1_2' title="bbox 134 325 1175 724">
     <span class='ocr_line' id='line_1_2' title="bbox 135 325 1139 404; baseline 0.007 -21"><span class='ocrx_word' id='word_1_5' title='bbox 135 325 263 403; x_wconf 86' lang='lat' dir='ltr'><strong>piscem,</strong></span> <span class='ocrx_word' id='word_1_6' title='bbox 278 325 362 385; x_wconf 85' lang='lat' dir='ltr'>feras</span> <span class='ocrx_word' id='word_1_7' title='bbox 384 325 481 385; x_wconf 90' lang='lat' dir='ltr'>silvae</span> <span class='ocrx_word' id='word_1_8' title='bbox 503 325 615 403; x_wconf 91' lang='lat' dir='ltr'>quibus</span> <span class='ocrx_word' id='word_1_9' title='bbox 636 325 722 386; x_wconf 92' lang='lat' dir='ltr'>lacus</span> <span class='ocrx_word' id='word_1_10' title='bbox 743 327 889 404; x_wconf 77' lang='lat' dir='ltr'>cingitur,</span> <span class='ocrx_word' id='word_1_11' title='bbox 905 329 1011 389; x_wconf 91' lang='lat' dir='ltr'>studia</span> <span class='ocrx_word' id='word_1_12' title='bbox 1025 330 1139 392; x_wconf 89' lang='lat' dir='ltr'>altissi-</span> 
     </span>
     <span class='ocr_line' id='line_1_3' title="bbox 135 431 1175 508; baseline 0.011 -18"><span class='ocrx_word' id='word_1_13' title='bbox 135 450 204 491; x_wconf 91' lang='lat' dir='ltr'>mus</span> <span class='ocrx_word' id='word_1_14' title='bbox 232 431 292 490; x_wconf 91' lang='lat' dir='ltr'>iste</span> <span class='ocrx_word' id='word_1_15' title='bbox 320 449 457 491; x_wconf 86' lang='lat' dir='ltr'>secessus</span> <span class='ocrx_word' id='word_1_16' title='bbox 485 431 618 490; x_wconf 87' lang='lat' dir='ltr'>adfatim</span> <span class='ocrx_word' id='word_1_17' title='bbox 640 439 817 508; x_wconf 89' lang='lat' dir='ltr'>suggerunt.</span> <span class='ocrx_word' id='word_1_18' title='bbox 863 434 924 493; x_wconf 87' lang='lat' dir='ltr'>Sed</span> <span class='ocrx_word' id='word_1_19' title='bbox 946 435 1012 495; x_wconf 92' lang='lat' dir='ltr'>sive</span> <span class='ocrx_word' id='word_1_20' title='bbox 1033 438 1140 497; x_wconf 90' lang='lat' dir='ltr'>omnia</span> <span class='ocrx_word' id='word_1_21' title='bbox 1160 457 1175 501; x_wconf 84' lang='lat'>2</span> 
     </span>
     <span class='ocr_line' id='line_1_4' title="bbox 135 535 1136 614; baseline 0.007 -19"><span class='ocrx_word' id='word_1_22' title='bbox 135 535 229 596; x_wconf 91' lang='lat' dir='ltr'>simul</span> <span class='ocrx_word' id='word_1_23' title='bbox 254 536 319 595; x_wconf 88' lang='lat' dir='ltr'>sive</span> <span class='ocrx_word' id='word_1_24' title='bbox 344 535 465 614; x_wconf 90' lang='lat' dir='ltr'>aliquid</span> <span class='ocrx_word' id='word_1_25' title='bbox 487 536 575 611; x_wconf 83' lang='lat' dir='ltr'>facis,</span> <span class='ocrx_word' id='word_1_26' title='bbox 597 557 659 596; x_wconf 92' lang='lat' dir='ltr'>non</span> <span class='ocrx_word' id='word_1_27' title='bbox 685 557 810 614; x_wconf 88' lang='lat' dir='ltr'>possum</span> <span class='ocrx_word' id='word_1_28' title='bbox 834 540 936 599; x_wconf 81' lang='lat' dir='ltr'>dicere</span> <span class='ocrx_word' id='word_1_29' title='bbox 958 542 1136 602; x_wconf 88' lang='lat' dir='ltr'>‘invideo&#39;:</span> 
     </span>
     <span class='ocr_line' id='line_1_5' title="bbox 134 642 1139 724; baseline 0.006 -23"><span class='ocrx_word' id='word_1_30' title='bbox 134 660 230 718; x_wconf 89' lang='lat' dir='ltr'>angor</span> <span class='ocrx_word' id='word_1_31' title='bbox 254 647 359 700; x_wconf 89' lang='lat' dir='ltr'>tamen</span> <span class='ocrx_word' id='word_1_32' title='bbox 380 661 443 701; x_wconf 95' lang='lat' dir='ltr'>non</span> <span class='ocrx_word' id='word_1_33' title='bbox 463 648 496 701; x_wconf 90' lang='lat' dir='ltr'>et</span> <span class='ocrx_word' id='word_1_34' title='bbox 516 642 595 701; x_wconf 91' lang='lat' dir='ltr'>mihi</span> <span class='ocrx_word' id='word_1_35' title='bbox 616 642 709 702; x_wconf 91' lang='lat' dir='ltr'>licere</span> <span class='ocrx_word' id='word_1_36' title='bbox 731 663 809 721; x_wconf 89' lang='lat' dir='ltr'>quae</span> <span class='ocrx_word' id='word_1_37' title='bbox 831 645 875 705; x_wconf 90' lang='lat' dir='ltr'>sic</span> <span class='ocrx_word' id='word_1_38' title='bbox 896 647 1080 724; x_wconf 78' lang='lat' dir='ltr'>concupisco</span> <span class='ocrx_word' id='word_1_39' title='bbox 1101 653 1139 707; x_wconf 91' lang='lat' dir='ltr'>ut</span> 
     </span>
    </p>

    <p class='ocr_par' dir='ltr' id='par_1_3' title="bbox 99 747 1219 1247">
     <span class='ocr_line' id='line_1_6' title="bbox 99 747 1138 827; baseline 0.01 -23"><span class='ocrx_word' id='word_1_40' title='bbox 99 759 114 804; x_wconf 80' lang='grc'><strong>0</strong></span> <span class='ocrx_word' id='word_1_41' title='bbox 134 747 219 823; x_wconf 81' lang='lat' dir='ltr'>aegri</span> <span class='ocrx_word' id='word_1_42' title='bbox 233 747 351 821; x_wconf 86' lang='lat' dir='ltr'>vinum,</span> <span class='ocrx_word' id='word_1_43' title='bbox 363 747 495 822; x_wconf 90' lang='lat' dir='ltr'>balinea,</span> <span class='ocrx_word' id='word_1_44' title='bbox 506 748 619 807; x_wconf 86' lang='lat' dir='ltr'>fontes.</span> <span class='ocrx_word' id='word_1_45' title='bbox 654 749 876 827; x_wconf 86' lang='lat' dir='ltr'>Numquamne</span> <span class='ocrx_word' id='word_1_46' title='bbox 890 751 947 811; x_wconf 94' lang='lat' dir='ltr'>hos</span> <span class='ocrx_word' id='word_1_47' title='bbox 962 752 1138 814; x_wconf 89' lang='lat' dir='ltr'>artissimos</span> 
     </span>
     <span class='ocr_line' id='line_1_7' title="bbox 134 846 1219 935; baseline 0.011 -26"><span class='ocrx_word' id='word_1_48' title='bbox 134 851 270 929; x_wconf 84' lang='lat' dir='ltr'>laqueos,</span> <span class='ocrx_word' id='word_1_49' title='bbox 300 853 326 912; x_wconf 91' lang='lat' dir='ltr'>si</span> <span class='ocrx_word' id='word_1_50' title='bbox 358 852 479 912; x_wconf 89' lang='lat' dir='ltr'>solvere</span> <span class='ocrx_word' id='word_1_51' title='bbox 512 860 653 930; x_wconf 88' lang='lat' dir='ltr'>negatur,</span> <span class='ocrx_word' id='word_1_52' title='bbox 681 855 890 933; x_wconf 83' lang='lat' dir='ltr'>abrumpam?</span> <span class='ocrx_word' id='word_1_53' title='bbox 945 857 1174 935; x_wconf 84' lang='lat' dir='ltr'>Numquam,3</span> <span class='ocrx_word' id='word_1_54' title='bbox 1217 846 1219 852; x_wconf 39' lang='lat'><strong>¹</strong></span> 
     </span>
     <span class='ocr_line' id='line_1_8' title="bbox 134 957 1138 1039; baseline 0.01 -25"><span class='ocrx_word' id='word_1_55' title='bbox 134 962 217 1033; x_wconf 93' lang='lat' dir='ltr'>puto.</span> <span class='ocrx_word' id='word_1_56' title='bbox 272 957 356 1017; x_wconf 87' lang='lat' dir='ltr'>Nam</span> <span class='ocrx_word' id='word_1_57' title='bbox 384 958 540 1018; x_wconf 86' lang='lat' dir='ltr'>veteribus</span> <span class='ocrx_word' id='word_1_58' title='bbox 575 959 708 1035; x_wconf 91' lang='lat' dir='ltr'>negotiis</span> <span class='ocrx_word' id='word_1_59' title='bbox 742 980 823 1020; x_wconf 85' lang='lat' dir='ltr'>nova</span> <span class='ocrx_word' id='word_1_60' title='bbox 857 962 1050 1039; x_wconf 87' lang='lat' dir='ltr'>adcrescunt,</span> <span class='ocrx_word' id='word_1_61' title='bbox 1079 982 1138 1024; x_wconf 90' lang='lat' dir='ltr'>nec</span> 
     </span>
     <span class='ocr_line' id='line_1_9' title="bbox 133 1061 1137 1144; baseline 0.009 -24"><span class='ocrx_word' id='word_1_62' title='bbox 133 1068 239 1122; x_wconf 88' lang='lat' dir='ltr'>tamen</span> <span class='ocrx_word' id='word_1_63' title='bbox 259 1063 363 1140; x_wconf 88' lang='lat' dir='ltr'>priora</span> <span class='ocrx_word' id='word_1_64' title='bbox 383 1069 589 1140; x_wconf 84' lang='lat' dir='ltr'>peraguntur:</span> <span class='ocrx_word' id='word_1_65' title='bbox 619 1070 666 1124; x_wconf 89' lang='lat' dir='ltr'>tot</span> <span class='ocrx_word' id='word_1_66' title='bbox 686 1061 826 1140; x_wconf 85' lang='lat' dir='ltr'>nexibus,</span> <span class='ocrx_word' id='word_1_67' title='bbox 842 1073 890 1126; x_wconf 93' lang='lat' dir='ltr'>tot</span> <span class='ocrx_word' id='word_1_68' title='bbox 904 1068 994 1144; x_wconf 88' lang='lat' dir='ltr'>quasi</span> <span class='ocrx_word' id='word_1_69' title='bbox 1015 1069 1137 1130; x_wconf 89' lang='lat' dir='ltr'>catenis</span> 
     </span>
     <span class='ocr_line' id='line_1_10' title="bbox 133 1167 1075 1247; baseline 0.006 -22"><span class='ocrx_word' id='word_1_70' title='bbox 133 1167 234 1228; x_wconf 90' lang='lat' dir='ltr'>maius</span> <span class='ocrx_word' id='word_1_71' title='bbox 248 1167 282 1227; x_wconf 92' lang='lat' dir='ltr'>in</span> <span class='ocrx_word' id='word_1_72' title='bbox 296 1168 363 1228; x_wconf 88' lang='lat' dir='ltr'>dies</span> <span class='ocrx_word' id='word_1_73' title='bbox 378 1169 617 1247; x_wconf 77' lang='lat' dir='ltr'>occupationum</span> <span class='ocrx_word' id='word_1_74' title='bbox 631 1189 742 1245; x_wconf 84' lang='lat' dir='ltr'>agmen</span> <span class='ocrx_word' id='word_1_75' title='bbox 756 1172 944 1231; x_wconf 78' lang='lat' dir='ltr'>extenditur.</span> <span class='ocrx_word' id='word_1_76' title='bbox 988 1173 1075 1234; x_wconf 87' lang='lat' dir='ltr'>Vale.</span> 
     </span>
    </p>
   </div>
   <div class='ocr_carea' id='block_1_3' title="bbox 549 1395 716 1476">
    <p class='ocr_par' dir='ltr' id='par_1_4' title="bbox 549 1395 716 1476">
     <span class='ocr_line' id='line_1_11' title="bbox 549 1395 716 1476; baseline -0.018 -20"><span class='ocrx_word' id='word_1_77' title='bbox 549 1395 601 1456; x_wconf 84' lang='lat'>22.</span> <span class='ocrx_word' id='word_1_78' title='bbox 630 1395 716 1476; x_wconf 80' lang='lat' dir='ltr'>(rx.)</span> 
     </span>
    </p>
   </div>
   <div class='ocr_carea' id='block_1_4' title="bbox 292 1547 973 1737">
    <p class='ocr_par' dir='ltr' id='par_1_5' title="bbox 292 1547 973 1737">
     <span class='ocr_line' id='line_1_12' title="bbox 292 1547 923 1608; baseline 0.003 -2"><span class='ocrx_word' id='word_1_79' title='bbox 292 1574 294 1579; x_wconf 95' lang='lat'>·</span> <span class='ocrx_word' id='word_1_80' title='bbox 327 1547 371 1606; x_wconf 80' lang='grc' dir='ltr'>Ὃ.</span> <span class='ocrx_word' id='word_1_81' title='bbox 396 1554 539 1605; x_wconf 86' lang='lat' dir='ltr'>PLINIUS</span> <span class='ocrx_word' id='word_1_82' title='bbox 561 1555 785 1606; x_wconf 81' lang='lat' dir='ltr'><strong>APOLLINARI</strong></span> <span class='ocrx_word' id='word_1_83' title='bbox 808 1557 874 1608; x_wconf 89' lang='lat' dir='ltr'>SUO</span> <span class='ocrx_word' id='word_1_84' title='bbox 899 1558 923 1608; x_wconf 88' lang='lat' dir='ltr'>S.</span> 
     </span>
     <span class='ocr_line' id='line_1_13' title="bbox 296 1675 973 1737; baseline -0.001 -13"><span class='ocrx_word' id='word_1_85' title='bbox 296 1675 350 1725; x_wconf 75' lang='lat' dir='ltr'>The</span> <span class='ocrx_word' id='word_1_86' title='bbox 362 1675 509 1736; x_wconf 74' lang='lat' dir='ltr'>condidacy</span> <span class='ocrx_word' id='word_1_87' title='bbox 521 1675 554 1737; x_wconf 88' lang='lat' dir='ltr'>os</span> <span class='ocrx_word' id='word_1_88' title='bbox 561 1675 679 1723; x_wconf 79' lang='lat' dir='ltr'>Erucius</span> <span class='ocrx_word' id='word_1_89' title='bbox 685 1675 734 1736; x_wconf 85' lang='lat' dir='ltr'>sor</span> <span class='ocrx_word' id='word_1_90' title='bbox 745 1675 788 1724; x_wconf 78' lang='lat' dir='ltr'>the</span> <span class='ocrx_word' id='word_1_91' title='bbox 800 1676 973 1737; x_wconf 80' lang='lat' dir='ltr'>tribunesliip.</span> 
     </span>
    </p>
   </div>
   <div class='ocr_carea' id='block_1_5' title="bbox 30 1806 1200 3675">
    <p class='ocr_par' dir='ltr' id='par_1_6' title="bbox 84 1806 1174 2308">
     <span class='ocr_line' id='line_1_14' title="bbox 84 1806 1172 1884; baseline 0.005 -17"><span class='ocrx_word' id='word_1_92' title='bbox 84 1821 113 1868; x_wconf 99' lang='grc'>10</span> <span class='ocrx_word' id='word_1_93' title='bbox 171 1808 311 1867; x_wconf 83' lang='lat' dir='ltr'>Anxium</span> <span class='ocrx_word' id='word_1_94' title='bbox 326 1826 374 1866; x_wconf 89' lang='lat' dir='ltr'>me</span> <span class='ocrx_word' id='word_1_95' title='bbox 390 1813 422 1866; x_wconf 91' lang='lat' dir='ltr'>et</span> <span class='ocrx_word' id='word_1_96' title='bbox 435 1807 608 1884; x_wconf 87' lang='lat' dir='ltr'>inquietum</span> <span class='ocrx_word' id='word_1_97' title='bbox 624 1806 720 1865; x_wconf 86' lang='lat' dir='ltr'>habet</span> <span class='ocrx_word' id='word_1_98' title='bbox 734 1806 845 1883; x_wconf 91' lang='lat' dir='ltr'>petitio</span> <span class='ocrx_word' id='word_1_99' title='bbox 857 1807 945 1867; x_wconf 83' lang='lat' dir='ltr'>Sexti</span> <span class='ocrx_word' id='word_1_100' title='bbox 957 1809 1052 1868; x_wconf 85' lang='lat' dir='ltr'>Eruci</span> <span class='ocrx_word' id='word_1_101' title='bbox 1063 1809 1134 1870; x_wconf 88' lang='lat' dir='ltr'>mei.</span> <span class='ocrx_word' id='word_1_102' title='bbox 1159 1828 1172 1873; x_wconf 86' lang='lat'>1</span> 
     </span>
     <span class='ocr_line' id='line_1_15' title="bbox 131 1910 1137 1992; baseline 0.003 -20"><span class='ocrx_word' id='word_1_103' title='bbox 131 1913 271 1973; x_wconf 90' lang='lat' dir='ltr'>Adficior</span> <span class='ocrx_word' id='word_1_104' title='bbox 280 1932 354 1972; x_wconf 88' lang='lat' dir='ltr'>cura</span> <span class='ocrx_word' id='word_1_105' title='bbox 365 1919 397 1972; x_wconf 88' lang='lat' dir='ltr'>et</span> <span class='ocrx_word' id='word_1_106' title='bbox 407 1931 500 1990; x_wconf 89' lang='lat' dir='ltr'>quam</span> <span class='ocrx_word' id='word_1_107' title='bbox 512 1930 627 1989; x_wconf 91' lang='lat' dir='ltr'>prome</span> <span class='ocrx_word' id='word_1_108' title='bbox 639 1910 883 1971; x_wconf 89' lang='lat' dir='ltr'>sollicitudinem</span> <span class='ocrx_word' id='word_1_109' title='bbox 895 1932 958 1972; x_wconf 91' lang='lat' dir='ltr'>non</span> <span class='ocrx_word' id='word_1_110' title='bbox 969 1914 1033 1973; x_wconf 91' lang='lat' dir='ltr'>adii</span> <span class='ocrx_word' id='word_1_111' title='bbox 1045 1916 1137 1992; x_wconf 86' lang='lat' dir='ltr'>quasi</span> 
     </span>
     <span class='ocr_line' id='line_1_16' title="bbox 132 2016 1138 2096; baseline 0.003 -19"><span class='ocrx_word' id='word_1_112' title='bbox 132 2038 188 2096; x_wconf 92' lang='lat' dir='ltr'>pro</span> <span class='ocrx_word' id='word_1_113' title='bbox 203 2037 252 2077; x_wconf 88' lang='lat' dir='ltr'>me</span> <span class='ocrx_word' id='word_1_114' title='bbox 267 2017 365 2078; x_wconf 91' lang='lat' dir='ltr'>altero</span> <span class='ocrx_word' id='word_1_115' title='bbox 379 2017 498 2095; x_wconf 82' lang='lat' dir='ltr'>patior3</span> <span class='ocrx_word' id='word_1_116' title='bbox 520 2023 553 2076; x_wconf 92' lang='lat' dir='ltr'>et</span> <span class='ocrx_word' id='word_1_117' title='bbox 567 2016 684 2094; x_wconf 91' lang='lat' dir='ltr'>alioqui</span> <span class='ocrx_word' id='word_1_118' title='bbox 706 2036 792 2077; x_wconf 90' lang='lat' dir='ltr'>meus</span> <span class='ocrx_word' id='word_1_119' title='bbox 813 2018 922 2094; x_wconf 90' lang='lat' dir='ltr'>pudor,</span> <span class='ocrx_word' id='word_1_120' title='bbox 940 2038 1009 2079; x_wconf 87' lang='lat' dir='ltr'>mea</span> <span class='ocrx_word' id='word_1_121' title='bbox 1030 2021 1138 2081; x_wconf 85' lang='lat' dir='ltr'>existi·</span> 
     </span>
     <span class='ocr_line' id='line_1_17' title="bbox 131 2122 1174 2201; baseline 0 -18"><span class='ocrx_word' id='word_1_122' title='bbox 131 2124 237 2199; x_wconf 88' lang='lat' dir='ltr'>matio,</span> <span class='ocrx_word' id='word_1_123' title='bbox 253 2142 322 2183; x_wconf 80' lang='lat' dir='ltr'>mea</span> <span class='ocrx_word' id='word_1_124' title='bbox 336 2123 474 2199; x_wconf 85' lang='lat' dir='ltr'>dignitas</span> <span class='ocrx_word' id='word_1_125' title='bbox 495 2123 529 2182; x_wconf 91' lang='lat' dir='ltr'>in</span> <span class='ocrx_word' id='word_1_126' title='bbox 550 2122 719 2182; x_wconf 88' lang='lat' dir='ltr'>discrimen</span> <span class='ocrx_word' id='word_1_127' title='bbox 736 2122 907 2182; x_wconf 86' lang='lat' dir='ltr'>adducitur.</span> <span class='ocrx_word' id='word_1_128' title='bbox 951 2125 1018 2201; x_wconf 89' lang='lat' dir='ltr'>Ego</span> <span class='ocrx_word' id='word_1_129' title='bbox 1040 2125 1138 2186; x_wconf 81' lang='lat' dir='ltr'>Sexto</span> <span class='ocrx_word' id='word_1_130' title='bbox 1159 2139 1174 2183; x_wconf 81' lang='lat'><strong>2</strong></span> 
     </span>
     <span class='ocr_line' id='line_1_18' title="bbox 132 2229 1136 2308; baseline 0.003 -20"><span class='ocrx_word' id='word_1_131' title='bbox 132 2230 230 2289; x_wconf 91' lang='lat' dir='ltr'>latum</span> <span class='ocrx_word' id='word_1_132' title='bbox 245 2229 368 2290; x_wconf 87' lang='lat' dir='ltr'>clavum</span> <span class='ocrx_word' id='word_1_133' title='bbox 383 2229 541 2290; x_wconf 84' lang='lat' dir='ltr'>aCaesare</span> <span class='ocrx_word' id='word_1_134' title='bbox 556 2232 672 2303; x_wconf 87' lang='lat' dir='ltr'>nostro,</span> <span class='ocrx_word' id='word_1_135' title='bbox 682 2246 739 2304; x_wconf 88' lang='lat' dir='ltr'>ego</span> <span class='ocrx_word' id='word_1_136' title='bbox 754 2234 952 2305; x_wconf 87' lang='lat' dir='ltr'>quaesturam</span> <span class='ocrx_word' id='word_1_137' title='bbox 967 2230 1136 2308; x_wconf 83' lang='lat' dir='ltr'>inpetrari,</span> 
     </span>
    </p>

    <p class='ocr_par' dir='ltr' id='par_1_7' title="bbox 82 2333 1175 2830">
     <span class='ocr_line' id='line_1_19' title="bbox 82 2333 1138 2412; baseline 0.005 -21"><span class='ocrx_word' id='word_1_138' title='bbox 82 2346 111 2391; x_wconf 81' lang='grc'>11</span> <span class='ocrx_word' id='word_1_139' title='bbox 131 2354 200 2395; x_wconf 91' lang='lat' dir='ltr'>meo</span> <span class='ocrx_word' id='word_1_140' title='bbox 215 2335 363 2410; x_wconf 86' lang='lat' dir='ltr'>suffragio</span> <span class='ocrx_word' id='word_1_141' title='bbox 378 2334 521 2411; x_wconf 90' lang='lat' dir='ltr'>pervenit</span> <span class='ocrx_word' id='word_1_142' title='bbox 541 2334 582 2392; x_wconf 90' lang='lat' dir='ltr'>ad</span> <span class='ocrx_word' id='word_1_143' title='bbox 602 2333 650 2392; x_wconf 89' lang='lat' dir='ltr'>ius</span> <span class='ocrx_word' id='word_1_144' title='bbox 672 2333 865 2393; x_wconf 90' lang='lat' dir='ltr'>tribunatum</span> <span class='ocrx_word' id='word_1_145' title='bbox 887 2335 1022 2411; x_wconf 88' lang='lat' dir='ltr'>petendi,</span> <span class='ocrx_word' id='word_1_146' title='bbox 1041 2355 1138 2412; x_wconf 89' lang='lat' dir='ltr'>quem</span> 
     </span>
     <span class='ocr_line' id='line_1_20' title="bbox 131 2439 1139 2531; baseline 0.003 -32"><span class='ocrx_word' id='word_1_147' title='bbox 131 2441 194 2500; x_wconf 90' lang='lat' dir='ltr'>nisi</span> <span class='ocrx_word' id='word_1_148' title='bbox 221 2440 343 2531; x_wconf 73' lang='lat' dir='ltr'>qbtinet</span> <span class='ocrx_word' id='word_1_149' title='bbox 370 2439 404 2525; x_wconf 93' lang='lat' dir='ltr'>in</span> <span class='ocrx_word' id='word_1_150' title='bbox 432 2445 552 2514; x_wconf 84' lang='lat' dir='ltr'>senatu,</span> <span class='ocrx_word' id='word_1_151' title='bbox 581 2457 688 2498; x_wconf 87' lang='lat' dir='ltr'>vereor</span> <span class='ocrx_word' id='word_1_152' title='bbox 716 2457 754 2497; x_wconf 91' lang='lat' dir='ltr'>ne</span> <span class='ocrx_word' id='word_1_153' title='bbox 782 2439 940 2516; x_wconf 89' lang='lat' dir='ltr'>decepisse</span> <span class='ocrx_word' id='word_1_154' title='bbox 970 2440 1139 2502; x_wconf 81' lang='lat' dir='ltr'>Caesarem</span> 
     </span>
     <span class='ocr_line' id='line_1_21' title="bbox 131 2544 1175 2609; baseline 0.004 -4"><span class='ocrx_word' id='word_1_155' title='bbox 131 2546 247 2606; x_wconf 88' lang='lat' dir='ltr'>videar.</span> <span class='ocrx_word' id='word_1_156' title='bbox 295 2545 431 2605; x_wconf 87' lang='lat' dir='ltr'>Proinde</span> <span class='ocrx_word' id='word_1_157' title='bbox 460 2544 665 2604; x_wconf 86' lang='lat' dir='ltr'>adnitendum</span> <span class='ocrx_word' id='word_1_158' title='bbox 694 2550 742 2602; x_wconf 89' lang='lat' dir='ltr'>est</span> <span class='ocrx_word' id='word_1_159' title='bbox 769 2544 848 2602; x_wconf 90' lang='lat' dir='ltr'>mihi</span> <span class='ocrx_word' id='word_1_160' title='bbox 875 2550 911 2603; x_wconf 94' lang='lat' dir='ltr'>ut</span> <span class='ocrx_word' id='word_1_161' title='bbox 937 2544 1032 2604; x_wconf 90' lang='lat' dir='ltr'>talem</span> <span class='ocrx_word' id='word_1_162' title='bbox 1063 2563 1175 2609; x_wconf 75' lang='lat' dir='ltr'>eume</span> 
     </span>
     <span class='ocr_line' id='line_1_22' title="bbox 131 2649 1137 2728; baseline 0.004 -18"><span class='ocrx_word' id='word_1_163' title='bbox 131 2651 271 2711; x_wconf 88' lang='lat' dir='ltr'>iudicent</span> <span class='ocrx_word' id='word_1_164' title='bbox 305 2669 420 2725; x_wconf 89' lang='lat' dir='ltr'>omnes,</span> <span class='ocrx_word' id='word_1_165' title='bbox 450 2649 573 2728; x_wconf 91' lang='lat' dir='ltr'>qualem</span> <span class='ocrx_word' id='word_1_166' title='bbox 602 2667 669 2708; x_wconf 89' lang='lat' dir='ltr'>esse</span> <span class='ocrx_word' id='word_1_167' title='bbox 697 2649 841 2726; x_wconf 89' lang='lat' dir='ltr'>princeps</span> <span class='ocrx_word' id='word_1_168' title='bbox 876 2649 954 2708; x_wconf 89' lang='lat' dir='ltr'>mihi</span> <span class='ocrx_word' id='word_1_169' title='bbox 989 2652 1137 2714; x_wconf 90' lang='lat' dir='ltr'>credidit.</span> 
     </span>
     <span class='ocr_line' id='line_1_23' title="bbox 130 2753 1140 2830; baseline 0.005 -15"><span class='ocrx_word' id='word_1_170' title='bbox 130 2757 215 2828; x_wconf 77' lang='lat' dir='ltr'>Quae</span> <span class='ocrx_word' id='word_1_171' title='bbox 242 2774 336 2816; x_wconf 83' lang='lat' dir='ltr'>causa</span> <span class='ocrx_word' id='word_1_172' title='bbox 364 2756 391 2815; x_wconf 89' lang='lat' dir='ltr'>si</span> <span class='ocrx_word' id='word_1_173' title='bbox 420 2755 558 2816; x_wconf 88' lang='lat' dir='ltr'>studium</span> <span class='ocrx_word' id='word_1_174' title='bbox 586 2772 689 2813; x_wconf 88' lang='lat' dir='ltr'>meum</span> <span class='ocrx_word' id='word_1_175' title='bbox 717 2773 780 2813; x_wconf 95' lang='lat' dir='ltr'>non</span> <span class='ocrx_word' id='word_1_176' title='bbox 807 2753 961 2830; x_wconf 84' lang='lat' dir='ltr'>incitaret,</span> <span class='ocrx_word' id='word_1_177' title='bbox 990 2756 1140 2820; x_wconf 90' lang='lat' dir='ltr'>adiutum</span> 
     </span>
    </p>

    <p class='ocr_par' dir='ltr' id='par_1_8' title="bbox 30 2859 1180 2938">
     <span class='ocr_line' id='line_1_24' title="bbox 30 2859 1180 2938; baseline 0.003 -17"><span class='ocrx_word' id='word_1_178' title='bbox 30 2887 32 2892; x_wconf 96' lang='lat'>·</span> <span class='ocrx_word' id='word_1_179' title='bbox 81 2875 111 2920; x_wconf 82' lang='lat'>20</span> <span class='ocrx_word' id='word_1_180' title='bbox 130 2868 235 2921; x_wconf 90' lang='lat' dir='ltr'>tamen</span> <span class='ocrx_word' id='word_1_181' title='bbox 250 2879 393 2938; x_wconf 90' lang='lat' dir='ltr'>cuperem</span> <span class='ocrx_word' id='word_1_182' title='bbox 413 2860 558 2919; x_wconf 89' lang='lat' dir='ltr'>iuvenem</span> <span class='ocrx_word' id='word_1_183' title='bbox 579 2859 808 2936; x_wconf 90' lang='lat' dir='ltr'>probissimum,</span> <span class='ocrx_word' id='word_1_184' title='bbox 824 2860 1052 2937; x_wconf 86' lang='lat' dir='ltr'>gravissimum,</span> <span class='ocrx_word' id='word_1_185' title='bbox 1069 2882 1141 2924; x_wconf 87' lang='lat' dir='ltr'>eru-</span> <span class='ocrx_word' id='word_1_186' title='bbox 1178 2866 1180 2871; x_wconf 55' lang='lat'><strong>⁴</strong></span> 
     </span>
    </p>

    <p class='ocr_par' dir='ltr' id='par_1_9' title="bbox 131 2964 1140 3043">
     <span class='ocr_line' id='line_1_25' title="bbox 131 2964 1140 3043; baseline 0.005 -17"><span class='ocrx_word' id='word_1_187' title='bbox 131 2967 332 3041; x_wconf 90' lang='lat' dir='ltr'>ditissimum,</span> <span class='ocrx_word' id='word_1_188' title='bbox 347 2965 430 3025; x_wconf 88' lang='lat' dir='ltr'>omni</span> <span class='ocrx_word' id='word_1_189' title='bbox 447 2965 580 3042; x_wconf 90' lang='lat' dir='ltr'>denique</span> <span class='ocrx_word' id='word_1_190' title='bbox 602 2964 694 3023; x_wconf 90' lang='lat' dir='ltr'>laude</span> <span class='ocrx_word' id='word_1_191' title='bbox 716 2964 944 3041; x_wconf 89' lang='lat' dir='ltr'>dignissimum,</span> <span class='ocrx_word' id='word_1_192' title='bbox 959 2968 1140 3043; x_wconf 90' lang='lat' dir='ltr'>etquidem</span> 
     </span>
    </p>

    <p class='ocr_par' dir='ltr' id='par_1_10' title="bbox 52 3063 1175 3356">
     <span class='ocr_line' id='line_1_26' title="bbox 52 3063 1175 3147; baseline 0.004 -16"><span class='ocrx_word' id='word_1_193' title='bbox 52 3090 55 3096; x_wconf 91' lang='lat'>·</span> <span class='ocrx_word' id='word_1_194' title='bbox 131 3067 200 3131; x_wconf 87' lang='lat' dir='ltr'>cum</span> <span class='ocrx_word' id='word_1_195' title='bbox 215 3077 282 3132; x_wconf 89' lang='lat' dir='ltr'>tota</span> <span class='ocrx_word' id='word_1_196' title='bbox 296 3063 408 3130; x_wconf 68' lang='lat' dir='ltr'>domo.</span> <span class='ocrx_word' id='word_1_197' title='bbox 438 3071 522 3129; x_wconf 90' lang='lat' dir='ltr'>Nam</span> <span class='ocrx_word' id='word_1_198' title='bbox 543 3075 632 3147; x_wconf 90' lang='lat' dir='ltr'>pater</span> <span class='ocrx_word' id='word_1_199' title='bbox 653 3069 682 3128; x_wconf 92' lang='lat' dir='ltr'>ei</span> <span class='ocrx_word' id='word_1_200' title='bbox 703 3070 835 3130; x_wconf 87' lang='lat' dir='ltr'>Erucius</span> <span class='ocrx_word' id='word_1_201' title='bbox 851 3070 969 3146; x_wconf 84' lang='lat' dir='ltr'>Clarus,</span> <span class='ocrx_word' id='word_1_202' title='bbox 984 3071 1034 3130; x_wconf 82' lang='lat' dir='ltr'>vir</span> <span class='ocrx_word' id='word_1_203' title='bbox 1050 3093 1141 3137; x_wconf 72' lang='lat' dir='ltr'>sanc</span> <span class='ocrx_word' id='word_1_204' title='bbox 1160 3089 1175 3135; x_wconf 82' lang='lat'>4</span> 
     </span>
     <span class='ocr_line' id='line_1_27' title="bbox 129 3172 1140 3259; baseline 0.01 -26"><span class='ocrx_word' id='word_1_205' title='bbox 129 3182 191 3250; x_wconf 79' lang='grc'><strong>113,</strong></span> <span class='ocrx_word' id='word_1_206' title='bbox 206 3174 338 3249; x_wconf 85' lang='lat' dir='ltr'>anticus,</span> <span class='ocrx_word' id='word_1_207' title='bbox 353 3174 499 3248; x_wconf 92' lang='lat' dir='ltr'>disertus,</span> <span class='ocrx_word' id='word_1_208' title='bbox 515 3179 609 3250; x_wconf 90' lang='lat' dir='ltr'>atque</span> <span class='ocrx_word' id='word_1_209' title='bbox 623 3172 657 3231; x_wconf 89' lang='lat' dir='ltr'>in</span> <span class='ocrx_word' id='word_1_210' title='bbox 671 3175 800 3250; x_wconf 87' lang='lat' dir='ltr'>agendis</span> <span class='ocrx_word' id='word_1_211' title='bbox 816 3176 918 3236; x_wconf 91' lang='lat' dir='ltr'>causis</span> <span class='ocrx_word' id='word_1_212' title='bbox 931 3177 1140 3259; x_wconf 59' lang='lat' dir='ltr'>exercitatus</span> 
     </span>
     <span class='ocr_line' id='line_1_28' title="bbox 130 3276 1141 3356; baseline 0.01 -19"><span class='ocrx_word' id='word_1_213' title='bbox 130 3297 207 3356; x_wconf 89' lang='lat' dir='ltr'>quas</span> <span class='ocrx_word' id='word_1_214' title='bbox 223 3297 343 3338; x_wconf 80' lang='lat' dir='ltr'>siinrma</span> <span class='ocrx_word' id='word_1_215' title='bbox 359 3278 430 3352; x_wconf 91' lang='lat' dir='ltr'>fide,</span> <span class='ocrx_word' id='word_1_216' title='bbox 446 3277 515 3354; x_wconf 87' lang='lat' dir='ltr'>pari</span> <span class='ocrx_word' id='word_1_217' title='bbox 534 3276 718 3351; x_wconf 90' lang='lat' dir='ltr'>constantia,</span> <span class='ocrx_word' id='word_1_218' title='bbox 734 3295 790 3336; x_wconf 89' lang='lat' dir='ltr'>nec</span> <span class='ocrx_word' id='word_1_219' title='bbox 805 3281 992 3340; x_wconf 87' lang='lat' dir='ltr'>verecundia</span> <span class='ocrx_word' id='word_1_220' title='bbox 1012 3283 1141 3347; x_wconf 87' lang='lat' dir='ltr'>minore</span> 
     </span>
    </p>

    <p class='ocr_par' dir='ltr' id='par_1_11' title="bbox 74 3381 1141 3571">
     <span class='ocr_line' id='line_1_29' title="bbox 74 3381 1140 3464; baseline 0.015 -27"><span class='ocrx_word' id='word_1_221' title='bbox 74 3394 108 3437; x_wconf 76' lang='lat'>25</span> <span class='ocrx_word' id='word_1_222' title='bbox 127 3383 280 3442; x_wconf 82' lang='lat' dir='ltr'>defendit.</span> <span class='ocrx_word' id='word_1_223' title='bbox 338 3383 444 3442; x_wconf 85' lang='lat' dir='ltr'>Habet</span> <span class='ocrx_word' id='word_1_224' title='bbox 472 3381 658 3442; x_wconf 86' lang='lat' dir='ltr'>avunculum</span> <span class='ocrx_word' id='word_1_225' title='bbox 689 3382 721 3442; x_wconf 84' lang='lat' dir='ltr'>C.</span> <span class='ocrx_word' id='word_1_226' title='bbox 752 3383 932 3460; x_wconf 84' lang='lat' dir='ltr'>Septicium,</span> <span class='ocrx_word' id='word_1_227' title='bbox 961 3406 1023 3464; x_wconf 88' lang='lat' dir='ltr'>quo</span> <span class='ocrx_word' id='word_1_228' title='bbox 1051 3390 1140 3453; x_wconf 88' lang='lat' dir='ltr'>nihil</span> 
     </span>
     <span class='ocr_line' id='line_1_30' title="bbox 110 3486 1141 3571; baseline 0.016 -30"><span class='ocrx_word' id='word_1_229' title='bbox 110 3486 226 3562; x_wconf 73' lang='lat' dir='ltr'>verius,</span> <span class='ocrx_word' id='word_1_230' title='bbox 255 3489 341 3549; x_wconf 89' lang='lat' dir='ltr'>nibil</span> <span class='ocrx_word' id='word_1_231' title='bbox 372 3489 565 3571; x_wconf 87' lang='lat' dir='ltr'>simplicius,</span> <span class='ocrx_word' id='word_1_232' title='bbox 590 3487 675 3549; x_wconf 88' lang='lat' dir='ltr'>nibil</span> <span class='ocrx_word' id='word_1_233' title='bbox 701 3487 876 3563; x_wconf 81' lang='lat' dir='ltr'>candidius,</span> <span class='ocrx_word' id='word_1_234' title='bbox 894 3490 981 3548; x_wconf 84' lang='lat' dir='ltr'>nibil</span> <span class='ocrx_word' id='word_1_235' title='bbox 1005 3491 1141 3561; x_wconf 79' lang='lat' dir='ltr'>fidelius</span> 
     </span>
    </p>

    <p class='ocr_par' dir='ltr' id='par_1_12' title="bbox 85 3590 1200 3675">
     <span class='ocr_line' id='line_1_31' title="bbox 85 3590 1200 3675; baseline 0.014 -35"><span class='ocrx_word' id='word_1_236' title='bbox 85 3590 178 3650; x_wconf 80' lang='lat' dir='ltr'>nori.</span> <span class='ocrx_word' id='word_1_237' title='bbox 228 3594 356 3662; x_wconf 86' lang='lat' dir='ltr'>Omnes</span> <span class='ocrx_word' id='word_1_238' title='bbox 383 3619 440 3664; x_wconf 88' lang='lat' dir='ltr'>me</span> <span class='ocrx_word' id='word_1_239' title='bbox 466 3598 625 3664; x_wconf 88' lang='lat' dir='ltr'>certatim</span> <span class='ocrx_word' id='word_1_240' title='bbox 651 3601 824 3658; x_wconf 86' lang='lat' dir='ltr'>ettamen</span> <span class='ocrx_word' id='word_1_241' title='bbox 844 3593 1018 3669; x_wconf 72' lang='lat' dir='ltr'>aequaliter</span> <span class='ocrx_word' id='word_1_242' title='bbox 1037 3605 1200 3675; x_wconf 46' lang='lat' dir='ltr'>emaQq</span> 
     </span>
    </p>
   </div>
   <div class='ocr_carea' id='block_1_6' title="bbox 0 0 1260 3870">
    <p class='ocr_par' dir='ltr' id='par_1_13' title="bbox 0 0 1260 3870">
     <span class='ocr_line' id='line_1_32' title="bbox 0 0 1260 3870; baseline 0 6"><span class='ocrx_word' id='word_1_243' title='bbox 0 0 1260 3870; x_wconf 95' lang='lat' dir='ltr'> </span> 
     </span>
    </p>
   </div>
  </div>
 </body>
</html>
