2512 3870
407 165 670 215 nrlsrunaauu
694 167 756 216 vn.
776 168 818 217 ar.
1074 159 1115 221 99

109 320 295 421 tus„monet
315 344 352 397 ut
372 337 462 398 illum
484 338 585 398 locum
607 340 701 398 effodi
724 340 860 399 iubeant.
903 340 1115 400 Inveniuntur

110 460 181 502 ossa
195 441 314 503 inserta
327 445 445 505 catenis
457 450 490 504 et
500 445 653 523 inplicita,
666 464 745 523 quae
756 447 867 523 corpus
882 465 959 506 aevo
970 453 1114 530 terraque

110 548 323 624 putrefactum
344 551 428 609 nuda
449 556 481 609 et
501 570 595 611 exesa
616 551 786 629 reliquerat
806 551 957 612 vinculis:
983 552 1115 613 collecta
1140 542 1142 548 ⁵

57 673 89 717 12
110 653 233 731 publice
255 654 458 732 sepeliuntur.
501 657 620 717 Domus
645 662 755 734 postea
778 656 838 716 rite
858 657 994 718 conditis
1019 657 1115 717 mani-

109 759 167 846 bus
187 742 314 820 caruit.'
338 762 381 820 Et
401 762 478 821 haec
499 763 628 839 quidem
644 762 883 824 adfirmantibus
902 764 1010 822 credo:
1034 761 1147 822 illudt

109 865 274 925 adfirmare
289 865 360 927 aliis
375 886 510 944 possum.
553 868 613 928 Est
628 867 760 928 libertus
778 867 866 944 mihi,
881 888 944 927 non
961 868 1114 929 inlittera

109 977 168 1030 tus.
212 972 291 1032 Cum
310 972 369 1032 hoc
386 972 486 1032 minor
506 973 606 1032 frater
622 974 730 1033 eodem
748 972 829 1034 lecto
848 974 1035 1052 quiescebat.
1078 976 1112 1036 Is

109 1077 195 1137 visus
218 1082 267 1137 est
291 1076 352 1137 sibi
374 1096 499 1138 cernere
524 1079 680 1156 quendam
705 1079 739 1137 in
763 1085 831 1138 toro
852 1079 1039 1139 residentem
1061 1081 1113 1140 ad·

107 1188 347 1261 moventemque
374 1182 472 1261 capiti
500 1202 557 1243 suo
584 1184 702 1244 cultros
730 1190 825 1262 atque
853 1184 948 1244 etiam
976 1203 1015 1244 ex
1043 1185 1112 1263 ipso

108 1288 224 1371 uertice
252 1294 466 1366 amputantem
494 1289 633 1366 capillos
684 1289 749 1350 Ubi
775 1289 901 1364 inluxit,
934 1290 1001 1368 ipse
1029 1291 1112 1351 circa
1131 1309 1160 1355 10

56 1407 87 1452 13
108 1394 256 1453 verticem
275 1400 393 1469 tonsus,
416 1394 524 1471 capilli
545 1394 682 1478 iac-entes
705 1394 910 1472 reperiuntur.
952 1396 1110 1471 Exiguum
1168 1471 1170 1477 s

106 1499 256 1577 temporis
285 1498 431 1574 medium,
460 1505 492 1558 et
519 1519 626 1560 rursus
652 1499 755 1560 simile
782 1500 869 1560 aliud
895 1499 990 1577 priori
1015 1501 1109 1560 fidem

106 1605 192 1664 fecit.
235 1606 318 1664 Puer
342 1605 375 1663 in
400 1605 591 1682 paedagogio
615 1605 733 1664 mixtus
755 1605 897 1683 pluribus
919 1605 1108 1666 dormiebat:

106 1717 260 1770 venerunt
280 1729 335 1788 per
356 1710 595 1790 fenestras'(ita
611 1712 731 1791 narrat)
754 1710 787 1768 in
808 1709 924 1770 tunicis
946 1710 1026 1770 albis
1047 1712 1110 1771 duo

105 1816 332 1894 cubantemque
354 1816 573 1890 detonderunt,
595 1822 627 1875 et
648 1834 710 1893 qua
730 1821 881 1874 venerant
904 1823 1107 1876 recesserunt.
1129 1833 1159 1879 15

105 1923 200 1980 Hunc
229 1940 351 1999 quoque
378 1927 505 1982 tonsum
540 1939 726 1999 sparsosque
759 1921 841 1980 circa
875 1920 1006 1998 capillos
1041 1921 1126 1995 dies

56 2039 85 2084 14
105 2027 251 2087 ostendit.
304 2026 396 2086 Nihil
417 2026 555 2086 notabile
577 2031 728 2099 secutum,
751 2026 813 2085 nisi
834 2026 916 2086 forte
937 2027 1021 2104 quod
1045 2046 1108 2086 non

105 2133 153 2191 fui
168 2151 248 2208 reus,
264 2132 400 2207 futurus,
416 2131 443 2192 si
458 2131 667 2205 Domitianus,
680 2132 738 2191 sub
753 2151 814 2209 quo
828 2131 905 2190 haec
919 2131 1107 2205 acciderunt,

105 2239 225 2298 diutius
246 2238 386 2298 vixisset.
428 2239 511 2297 Nam
534 2237 567 2296 in
589 2237 703 2296 scrinio
725 2237 791 2296 eius
813 2238 906 2297 datus
927 2256 946 2296 a
967 2238 1046 2298 Caro
1069 2237 1108 2296 de

104 2363 154 2402 me
171 2343 303 2403 libellus·
320 2342 467 2402 inventus
486 2349 549 2417 est3
575 2360 614 2400 ex
635 2361 696 2419 quo
717 2342 884 2402 coniectari
906 2348 1018 2420 potest,
1035 2342 1110 2420 quia
1127 2361 1157 2407 20

105 2450 165 2509 reis
181 2448 275 2508 moris
291 2454 339 2508 est
353 2448 548 2508 summittere
561 2446 720 2524 capillum,
733 2447 847 2507 recisos
862 2466 1001 2506 meorum
1015 2448 1109 2525 capil-

104 2556 151 2615 los
180 2553 304 2632 depulsi
338 2553 421 2630 quod
455 2552 640 2611 imminebat
674 2552 806 2630 periculi
841 2553 964 2628 signum
999 2552 1106 2613 fuisse.

55 2679 83 2722 15
104 2660 240 2719 Proinde
269 2677 342 2734 rogo
370 2657 578 2716 eruditionem
605 2663 693 2716 tuam
722 2657 874 2716 intendas.
928 2657 1032 2732 Digna
1059 2676 1108 2718 res

104 2772 153 2825 est
181 2783 274 2843 quam
301 2763 358 2823 diu
385 2763 582 2840 multumque
610 2740 803 2821 consideres:
836 2781 875 2820 nc
900 2781 956 2838 ego
981 2763 1107 2840 quidem

55 2887 84 2931 16
104 2871 253 2946 indignus
278 2868 328 2928 cui
345 2868 466 2945 copiam
488 2867 637 2928 scientiae
658 2873 731 2926 tuae
752 2867 858 2926 facias.
902 2867 991 2926 Licet
1013 2867 1108 2927 etiam
1127 2891 1156 2936 25

103 2982 269 3053 utramque
291 2973 324 3032 in
345 2978 475 3050 partem,
490 2977 527 3032 ut
548 2972 638 3046 soles,
656 2971 808 3051 disputes
824 2990 863 3030 ex
883 2971 988 3031 altera
1003 2976 1108 3031 tamen

104 3080 229 3154 fortius,
254 3097 293 3138 ne
322 3097 371 3137 me
399 3096 584 3154 suspensum
613 3075 828 3158 incertumque
857 3076 1008 3150 dimittas,
1037 3096 1108 3136 cum

104 3186 183 3246 mihi
211 3181 395 3246 consulendi
423 3201 517 3244 causa
550 3181 649 3240 fuerit
675 3185 712 3240 ut
745 3179 889 3240 dubitare
923 3180 1106 3242 desinerem.

103 3291 190 3355 Vale.
