2512 3870
410 159 671 211 nrrsrunaaum
695 161 742 210 vr.
761 161 812 236 rc..
1065 153 1105 218 85

89 330 182 391 'Tum
198 351 231 393 se
245 333 344 410 quieti
359 333 456 410 dedit,
472 341 503 393 et
518 334 639 412 quievit
655 335 817 394 verissimo
839 335 964 412 quidem
987 355 1103 397 somne.

101 439 185 497 Nam
200 444 321 499 meatus
341 439 472 515 animae,
487 440 541 516 qui
564 439 613 499 illi
634 447 761 518 propter
782 429 1022 518 amplitudinem
1041 448 1106 501 'cor-

101 537 187 622 poris
202 545 325 620 gravior
340 550 372 604 et
386 544 547 605 sonantior
562 552 638 621 erat,
654 546 693 605 ab
710 546 824 623 eisqui
846 546 949 605 limini
964 548 1105 608 obversa-

53 656 82 701 14
101 650 216 711 bantur
231 650 423 710 audiebatur.
468 651 530 710 Sed
544 669 616 711 area
630 670 669 710 ex
684 671 745 728 qua
766 652 871 711 diaeta
892 653 1037 713 adibatur
1059 654 1105 714 ita
1153 714 1159 727 ,

102 756 165 815 iam
180 756 284 816 cinere
298 757 469 834 mixtisque
484 756 660 835 pumicibus
675 756 802 834 oppleta
819 763 996 818 surrexerat
1017 765 1061 840 ut,
1077 761 1104 819 si
1123 771 1137 814 5

101 861 224 938 longior
250 861 284 919 in
312 861 454 922 cubiculo
479 881 574 937 mora,
597 862 701 921 exitus
723 869 895 937 negaretur.
939 864 1115 924 Excitatus*

18 1030 24 1041 .
101 967 243 1044 procedit
267 986 361 1044 seque
390 968 604 1044 Pomponiano
631 968 804 1045 ceterisque
826 968 880 1045 qui
902 970 1105 1046 pervigilave-

53 1085 81 1130 15
101 1078 173 1132 rant
187 1070 300 1132 reddit.
343 1073 382 1131 In
397 1070 560 1159 commune
577 1072 765 1145 consultant,
781 1073 866 1133 intra
887 1079 970 1134 tecta
992 1076 1105 1135 subsis'·

100 1184 172 1238 tant
206 1197 247 1237 an
274 1178 308 1236 in
336 1185 444 1255 aperto
472 1184 632 1253 vagentur.
688 1171 771 1238 Nam
800 1180 915 1240 crebris
944 1180 1104 1257 vastisque

10 1274 15 1285 ’
101 1284 288 1343 tremoribus
317 1288 401 1342 tecta
429 1283 582 1343 nutabant
603 1289 635 1342 et
656 1284 746 1361 quasi
768 1292 870 1343 emota
892 1261 1112 1364 sedibusxsuis¹
1125 1295 1153 1340 10

53 1399 82 1443 16
101 1408 184 1449 nunc
202 1389 262 1448 huc
284 1407 367 1448 nunc
389 1388 464 1448 illuc
485 1388 577 1448 abire
593 1393 647 1448 aut
669 1389 780 1447 referri
801 1390 996 1450 videbantur.
1042 1391 1105 1451 Sub

102 1495 154 1554 dio
181 1514 289 1555 rursus
317 1513 507 1572 quamquam
541 1474 659 1552 l‘e'vium
694 1513 918 1571 exesorumque
947 1496 1104 1573 pumicum

61 1626 67 1634 ·
102 1619 192 1660 casus
206 1601 420 1675 metuebatur3
443 1599 526 1677 quod
540 1605 645 1659 tamen
669 1599 877 1676 periculorum
899 1600 1026 1660 collatio
1048 1601 1106 1660 ele-

34 1687 37 1693 *
103 1706 158 1782 git.
200 1707 243 1765 Et
263 1705 348 1782 apud
368 1705 459 1764 illum
480 1704 607 1782 quidem
635 1705 715 1764 ratio
736 1706 899 1780 rationem,
922 1706 1005 1783 apud
1027 1706 1105 1766 alios

102 1811 247 1871 timorem
267 1811 361 1870 timor
381 1810 467 1870 vicit.
519 1810 693 1872 Cervicalia
714 1810 870 1888 capitibus
891 1811 1030 1888 inposita
1050 1811 1107 1869 liu-
1126 1825 1154 1868 15

102 1916 171 1976 teis·
191 1915 426 1991 constringunt:
455 1915 489 1974 id
509 1915 739 1989 munimentum
764 1916 913 1976 adversus
936 1916 1107 1976 incidentia

54 2031 83 2077 17
103 2022 175 2081 fuit.
219 2022 288 2081 Iam
303 2020 369 2082 dies
384 2020 470 2096 alibi,
486 2020 553 2085 illic
574 2014 637 2080 nox
658 2021 801 2080 omnibus
822 2019 1107 2097 noctibusnigrior
1161 2081 1164 2086 ,

104 2128 307 2204 densiorque3
329 2146 424 2204 quam
444 2111 551 2187 tamen
572 2127 658 2186 faces
678 2126 796 2186 multae
818 2127 966 2204 variaque
987 2127 1108 2201 lumina

104 2232 294 2293 solabantur.
336 2231 461 2293 Placuit
475 2231 582 2308 egredi
602 2231 635 2290 in
656 2231 733 2291 litus
754 2238 786 2291 et
807 2250 845 2291 ex
866 2232 1007 2308 proximo
1029 2233 1108 2310 aspi·
1174 2269 1176 2275 ·

103 2357 173 2397 cere
187 2337 299 2415 ecquid
314 2337 376 2397 iam
391 2355 475 2397 mare
496 2316 695 2412 admitteret3
718 2338 801 2413 quod
822 2336 924 2396 adhuc
939 2344 1062 2397 vastum
1076 2345 1108 2397 et
1128 2353 1157 2398 20

56 2453 86 2499 18
105 2434 272 2503 adversum
285 2427 523 2521 permanebatl=
538 2442 590 2503 Ibi
605 2445 698 2519 super
709 2442 863 2501 abiectum
878 2442 1011 2502 linteum
1026 2462 1110 2503 recu·
1197 2429 1201 2435 ’

105 2550 184 2611 bans
198 2551 294 2612 semel
309 2554 404 2629 atque
418 2549 533 2610 iterum
548 2547 698 2625 frigidam
712 2565 825 2624 aquam
836 2549 979 2626 poposcit
992 2549 1110 2609 hausit-

106 2649 193 2734 que.¹
218 2635 341 2723 Deinde
364 2654 509 2717 flammae
529 2652 788 2730 flammarumque
809 2655 1013 2731 praenuntius
1035 2655 1110 2713 odor

58 2773 88 2819 19
109 2761 245 2838 sulpuris
259 2759 338 2822 alios
353 2761 387 2820 in
400 2761 510 2836 fugam
523 2762 661 2832 vertunt,
676 2758 815 2818 excitant
829 2740 927 2818 illum.
964 2760 1109 2819 Innitens

107 2866 242 2927 servulis
270 2863 390 2927 duobus
418 2864 605 2940 adsurrexit,
635 2868 667 2922 et
695 2843 803 2923 statim
830 2865 975 2938 concidit,
997 2872 1033 2924 ut
1055 2884 1111 2940 ego
1130 2883 1158 2926 25

107 2971 230 3048 collige,
258 2971 409 3032 crassiore
444 2969 579 3046 caligine
611 2968 726 3047 spiritu
754 2968 913 3028 obstructo
944 2967 1111 3047 clausoque

108 3077 277 3151 stomach0,
299 3076 355 3154 qui
374 3075 424 3135 illi
444 3080 557 3135 natura
578 3072 736 3133 invalidus
761 3078 793 3132 et
817 3079 968 3149 angustus
994 3080 1026 3133 et
1053 3076 1112 3133 fre-

57 3198 89 3244 10
109 3188 241 3260 quanter
256 3187 402 3242 aestuans
417 3185 492 3240 erat.
535 3177 601 3241 Ubi
616 3177 683 3237 dies
696 3177 844 3268 redditus
861 3177 901 3256 (is
916 3178 955 3238 ab
970 3197 1112 3256 ecquem

42 3342 46 3349 .
109 3287 280 3372 novissime
304 3286 427 3345 viderat
455 3284 591 3365 tertius),
614 3301 726 3360 corpus
754 3283 917 3342 inventum
946 3283 1112 3360 integrum,

52 3414 57 3422 ·
110 3392 266 3453 inlaesum
280 3396 486 3471 opertumque
499 3396 536 3450 ut
550 3390 655 3448 fuerat
668 3388 814 3447 indutus:
833 3387 961 3449 habitus
975 3390 1113 3466 corporis
1133 3410 1162 3455 ac

59 3518 90 3565 21
111 3497 286 3576 quiescenti
301 3516 395 3577 quam
413 3497 564 3559 defuncto
586 3494 732 3558 similior.
769 3494 917 3555 iuterim
928 3493 1065 3551 idaeam.
1081 3507 1145 3559 ego

100 3606 366 3668 etmater-sed
386 3607 475 3669 nihil
500 3608 543 3672 ad
562 3607 758 3685 historiam,
768 3621 835 3665 uec
846 3607 894 3662 tu
903 3596 1005 3660 abab
1016 3605 1125 3665 (iffi-
1134 3585 1184 3637 Q
