2512 3870
407 174 696 226 ‚nrrsrunnnun
720 175 752 224 rr.
773 174 812 224 or.
999 175 1003 189 ²
1057 161 1120 227 127

115 349 259 421 contagio
287 350 457 423 pervagata
484 351 550 419 est3
587 364 666 422 quae
695 345 819 404 videtur
848 345 919 404 sisti
944 351 976 404 et
1006 345 1119 421 corrigi
1150 368 1155 375 ’
1227 323 1238 415 ’,

67 468 96 513 10
115 471 215 529 posse.
267 452 358 511 Certe
383 451 461 510 satis
485 456 609 518 constat
633 470 730 528 prope
755 451 816 510 iarn
840 451 980 511 desolata
1000 451 1131 541 templa¹
1177 468 1180 473 ⁴
1251 469 1254 485 ²

115 556 255 634 coepisse
276 532 426 636 celebrari
448 561 480 614 et
502 550 588 615 sacra
609 555 774 615 sollemnia
795 556 850 614 diu
872 556 1053 617 intermissa
1077 572 1120 615 re-

116 662 182 740 peti
203 650 391 740 pastumque
414 661 519 721 venire
541 661 750 736 victimarum,
766 662 856 721 euius
876 661 979 721 adhuc
1002 662 1120 722 rarissi-

13 832 16 839 ,
51 770 53 774 ’
116 787 185 828 mus
214 764 336 844 emptor
363 766 588 826 inveniebatur.
631 767 681 825 Ex
709 785 770 843 quo
798 766 892 826 facile
921 772 969 826 est
997 767 1153 844 opinari5

117 891 196 950 quae
210 873 302 933 turba
315 872 477 931 hominum
492 871 652 972 emendari
672 871 782 949 possit,
799 872 826 932 si
844 870 887 932 sit
908 872 1119 950 paenitentiae

116 977 210 1038 locus.
891 976 893 981 ’

482 1109 556 1170 110.
588 1107 751 1190 (xcvu.)
777 1120 805 1175 r<

428 1269 615 1321 TRAIANUS
638 1270 761 1322 PLINIO
785 1270 811 1321 S.
919 1198 999 1364 is

495 1417 621 1480 Trojan's
632 1430 743 1468 aaswcr.

79 1578 94 1640 j1
156 1562 271 1623 Actum
286 1550 379 1641 quem
394 1562 540 1638 debuisti,
555 1563 598 1621 mi
615 1562 763 1639 Secunde,
779 1562 813 1622 in
834 1563 1029 1624 excutiendis
1051 1583 1119 1624 cau-

117 1669 160 1728 sis
181 1688 287 1728 eorum
309 1669 364 1746 qui
386 1662 559 1730 Christiani
573 1669 614 1728 ad
634 1652 667 1728 te
682 1668 779 1728 delati
793 1669 921 1728 fuerant
935 1675 1060 1729 secutus
1075 1689 1116 1728 es

115 1774 227 1850 Neque
242 1773 326 1832 enim
341 1773 374 1831 in
388 1773 569 1833 universum
585 1772 706 1850 aliquid
720 1773 909 1854 quodlquasi
924 1780 1040 1834 certam
1058 1775 1119 1833 fo'r-
1140 1786 1168 1830 10

80 1893 95 1938 2
116 1899 199 1939 mam
213 1879 328 1938 habeat
342 1878 492 1939 constitui
506 1884 619 1956 potest.
662 1878 874 1956 Conquirendi
895 1898 957 1938 non
980 1885 1067 1939 sunt:
1091 1880 1119 1940 si

116 1985 300 2044 deferantur
314 1989 345 2044 et
360 1989 539 2059 arguantur,
554 1983 706 2061 puniendi
721 1989 803 2060 sunt,
819 1985 866 2044 ita
882 1989 988 2044 tamen
1006 1991 1043 2044 ut
1064 1986 1118 2063 qui

50 2084 53 2089 ’
116 2089 278 2164 negaverit
292 2107 326 2150 se
340 2089 555 2150 Christianum
570 2107 638 2149 esse
654 2089 749 2166 idque
769 2108 803 2148 re
825 2090 895 2167 ipsa
915 2090 1119 2151 manifestum

45 2264 46 2267 Ἴ
116 2194 236 2269 fecerit,
248 2193 282 2254 id
296 2199 345 2254 est
359 2193 564 2272 supplicando
578 2194 645 2266 deis
660 2194 786 2269 nostris
797 2194 939 2271 quamvis
955 2179 1118 2273 suspectus

116 2299 150 2358 in
177 2282 391 2377 praeteritum,
416 2299 542 2359 veniam
566 2319 604 2359 ex
627 2299 827 2382 paenitentia
855 2300 1000 2378 inpetret.
1045 2302 1119 2362 Sine
1139 2316 1167 2361 15

116 2409 242 2464 auctore
269 2423 343 2464 vero
371 2405 524 2482 propositi
552 2401 653 2465 libelli
680 2405 714 2464 in
741 2405 829 2464 nulio
857 2405 988 2466 crimine
1016 2407 1118 2466 Iocum

114 2510 228 2569 habere
243 2509 364 2579 debent.
407 2511 491 2569 Nam
505 2514 537 2569 et
553 2509 683 2588 pessimi
700 2501 837 2588 exeinpli
857 2530 914 2570 neo
935 2512 1035 2572 nostri
1057 2531 1120 2572 sae·

115 2615 178 2674 culi
193 2619 250 2675 est.
