2512 3870
201 520 243 603 u
288 521 440 602 emm
487 491 707 605 eruerer
754 523 999 607 suenum

404 713 801 797 EPISTULARUM

418 957 561 1024 LIBER
592 959 784 1026 PRIMUS.

559 1159 590 1218 1.
619 1156 673 1238 (Ι.)

553 1234 596 1249 Q-

354 1302 385 1357 C.
405 1303 550 1354 PLINIUS
571 1303 735 1355 SEPTICIO
757 1304 824 1355 SUO
845 1305 871 1357 S.

469 1431 631 1492 Dedicatony
648 1431 759 1492 Epistle.

75 1571 87 1615 1
123 1558 346 1635 'Frequenter
379 1554 524 1615 hortatus
560 1573 593 1614 es
629 1561 665 1614 ut
700 1554 862 1631 epistulas,
889 1555 995 1633 siquas
1021 1555 1116 1633 paulo

99 1656 253 1721 'curatius
268 1660 472 1738 scripsissem,
489 1646 667 1735 eolligerem
687 1659 950 1737 publicaremque.
994 1660 1115 1736 Collegi

112 1786 174 1826 non
189 1772 312 1826 servato
332 1766 482 1842 temporis
502 1766 611 1824 ordine
629 1764 743 1843 (neque
759 1765 842 1823 enim
857 1764 1023 1825 historiam
1038 1784 1115 1824 eom-

74 1890 89 1934 r
112 1872 289 1949 ponebam),
305 1871 360 1931 sed
383 1876 419 1929 ut
439 1889 581 1948 quaeque
602 1870 635 1928 in
656 1889 766 1930 manus
786 1875 922 1930 venerat.
967 1871 1115 1949 Superest

112 1982 148 2037 ut
164 1995 221 2036 nee
240 1982 272 2049 te
291 1975 416 2036 consilii
437 1994 494 2035 nee
516 1995 564 2035 me
585 1975 746 2053 paeniteat
768 1975 917 2054 obsequii.
962 1977 1013 2036 Ita
1032 1976 1115 2035 enim
1137 1990 1153 2036 5

112 2082 167 2142 fiet
193 2089 230 2142 ut
258 2084 310 2142 aas
339 2100 419 2160 quae
447 2082 549 2141 adhue
577 2062 737 2157 negleetae
765 2081 869 2140 iacent
894 2080 1059 2160 requiram,
1084 2086 1116 2140 et

113 2189 219 2274 siquas
242 2187 401 2264 addidere,
422 2206 485 2248 uon
507 2187 709 2264 supprimam.
753 2186 840 2248 Vale.

528 2399 562 2495 Ξ.
592 2397 683 2479 (111.)
769 2424 784 2449 e

298 2546 327 2597 C.
350 2545 495 2596 PLINIUS
516 2544 668 2595 CANINIO
689 2545 786 2596 RUFO
808 2545 876 2596 SUO
897 2546 922 2596 S.

112 2682 246 2733 Caninius
263 2683 288 2731 is
304 2682 387 2744 nrqed
407 2687 433 2732 to
452 2682 554 2743 employ
572 2681 614 2729 his
631 2681 774 2744 delipttsnl
794 2682 891 2731 leisnre
909 2687 938 2731 at
957 2679 1068 2732 Gonnum
1086 2682 1116 2730 in

529 2764 694 2825 unthorship.

75 2895 88 2939 1
152 2881 235 2952 Quid
252 2879 319 2958 agit
336 2881 476 2954 Comum,
491 2884 564 2938 tuae
578 2897 726 2956 meaeque
742 2879 898 2938 deliciae?
919 2878 995 2956 quid
1011 2880 1129 2939 subur-u

112 2987 229 3048 banum
242 2984 520 3046 amoenissimum?
540 2984 617 3062 quid
634 2984 691 3043 illa
705 2984 844 3061 porticus
859 3002 956 3043 verna
970 2987 1114 3062 semper?

31 3164 41 3177 .
113 3092 191 3170 quid
221 3091 371 3169 platanon
406 3089 636 3167 opacissimus?
673 3090 749 3166 quid
783 3091 908 3166 euripus
942 3089 1053 3149 viridis
1085 3094 1116 3148 et
1140 3097 1166 3142 lu

32 3247 34 3251 .
113 3199 297 3274 gemmeus?
322 3195 400 3273 quid
424 3194 582 3255 subiectus
605 3200 637 3253 et
663 3194 800 3253 serviens
826 3194 938 3254 limus?
963 3195 1040 3271 quid
1061 3194 1117 3253 illa

113 3292 219 3363 monis
243 3306 276 3361 et
298 3307 404 3362 emen
427 3300 528 3360 sonna
552 3299 709 3375 gestatio?
741 3299 818 3375 qum
841 3299 1002 3358 earrneum
1026 3279 1119 3369 ium„

63 3478 78 3486 Ι,
113 3407 198 3486 quod
209 3406 364 3485 plurimus
379 3405 426 3466 sol
445 3405 560 3486 implet
577 3409 610 3466 et
629 3404 799 3466 eireumrt‘i
826 3395 1154 3482 umutmuuulxa'uta

96 3510 275 3590 popularia,
287 3511 349 3575 iiia
359 3517 564 3593 paucorum?
583 3515 669 3599 qu'ui
678 3513 841 3578 eumenia
848 3486 1181 3579 mummium&-

626 3620 647 3672 1
