2512 3870
142 180 183 242 66
565 189 595 240 c.
615 189 715 239 rnrru

141 363 359 441 imperatorem
398 363 536 421 Nervam
570 381 633 421 non
668 362 770 423 minus
808 363 941 422 fortiter.
1005 363 1143 424 Cenabat

142 469 249 527 Nerva
272 488 342 527 curn
365 467 488 550 paucis:
520 467 653 528 Veiento
677 468 837 545 proximus
865 474 959 545 atque
987 468 1079 527 etiarn
1109 468 1141 527 111

143 574 214 633 sinu
236 573 448 632 recumbebat:
478 572 545 630 dixi
570 573 681 648 omnia,
699 592 768 632 cum
791 573 949 632 hominem
974 573 1140 633 nominavi.

143 679 262 738 Incidit
281 697 381 739 sermo
398 679 437 737 de
455 678 579 738 Catullo
597 679 777 754 Messalina
793 679 847 756 qui
868 678 1038 740 luminibus
1060 680 1144 739 orba
1162 690 1176 734 5

108 801 123 845 5
143 792 194 845 tus
210 784 334 860 ingenio
350 802 442 844 saevo
463 784 546 843 mala
563 784 722 843 caecitatis
740 784 919 845 addiderat:
942 804 1005 844 non
1021 786 1144 844 vereba-

143 897 203 965 tur,
229 909 291 948 non
314 890 523 963 erubescebat,
547 908 609 948 non
634 890 855 967 miserebatur,
888 909 948 967 quo
977 891 1101 969 saepius
1125 910 1144 950 a

144 995 324 1054 Domitiano
348 1014 411 1053 non
436 1013 523 1054 secus
548 1013 583 1053 ac
608 995 680 1069 tela,
700 1014 779 1072 quae
801 995 921 1072 etipsa
940 1014 1031 1055 caeca
1052 1002 1083 1055 et
1102 996 1146 1054 in-

144 1101 276 1178 provida
297 1100 449 1173 feruntur,
470 1099 503 1157 in
524 1099 676 1176 optimum
698 1119 852 1178 quemque
874 1101 1143 1178 contorquebatur.

145 1207 192 1264 De
206 1205 299 1265 huius
314 1206 456 1283 nequitia
471 1206 741 1284 sanguinariisque
756 1206 920 1265 sententiis
935 1206 969 1264 in
983 1225 1146 1265 commune
1167 1215 1182 1260 6
1229 1221 1232 1225 ’

97 1324 126 1368 1ο
145 1330 251 1370 omnes
280 1329 373 1387 super
400 1330 509 1370 cenam
536 1312 752 1388 loquebantur,
782 1330 850 1371 cum
880 1312 947 1388 ipse
976 1312 1147 1388 imperator

147 1416 241 1493 ‘quid
262 1421 408 1493 putamus
433 1435 597 1494 passurum
623 1417 731 1491 fuisse,
758 1417 786 1477 si
810 1417 974 1476 viveret?'
1004 1423 1036 1476 et
1060 1418 1148 1475 Mau-

146 1522 228 1581 ricus
255 1521 431 1580 ‘nobiscum
456 1523 600 1582 cenaret!
643 1522 781 1598 Longius
807 1522 879 1596 abii,
905 1522 1005 1582 libens
1030 1528 1146 1581 tamen.
1169 1527 1182 1572 1

146 1626 269 1685 Placuit
287 1645 385 1701 agona
404 1627 483 1702 tolli,
499 1627 552 1705 qui
573 1647 674 1687 mores
689 1627 915 1688 Viennensium
934 1628 1096 1702 infecerat,
1111 1634 1149 1687 ut

145 1737 251 1790 noster
265 1731 317 1791 hic
334 1732 480 1790 omniurn.
523 1733 606 1791 Nam
622 1733 847 1792 Viennensium
866 1733 944 1792 vitia
960 1732 1045 1792 intra
1062 1733 1149 1810 ipsos

99 1852 126 1896 15
146 1841 297 1915 residunt,
322 1847 429 1900 nostra
453 1840 517 1898 late
543 1845 703 1914 vagantur,
725 1844 822 1916 utque
847 1838 880 1896 in
901 1838 1080 1915 corporibus
1102 1838 1149 1897 sic

146 1946 180 2005 in
195 1946 326 2023 imperio
344 1945 547 2022 gravissimus
566 1950 615 2004 est
630 1945 755 2003 morbus
776 1944 830 2021 qui
847 1962 865 2003 a
881 1943 983 2021 capite
1001 1943 1151 2003 diffundi-

146 2056 205 2110 tur.
248 2051 335 2111 Vale.

528 2160 581 2220 53.
612 2158 759 2236 (XXIV.)

315 2306 345 2357 C.
369 2305 513 2355 PLINIUS
536 2304 647 2353 FABIO
671 2305 835 2353 VALENTI
859 2303 926 2355 SUO
950 2304 976 2355 S.

243 2445 325 2496 Grect
336 2445 451 2508 changes
463 2445 534 2493 since
548 2444 631 2503 Pliny
645 2442 729 2503 began
741 2447 767 2490 to
776 2441 892 2501 practice
905 2445 933 2490 at
944 2439 986 2488 tte
1000 2439 1055 2489 bar.

187 2577 333 2636 Proxime
351 2596 420 2635 cunr
439 2576 523 2653 apud
540 2573 749 2634 centumviros
766 2572 799 2630 in
817 2570 1015 2648 quadruplici
1032 2570 1149 2630 iudicio
1170 2588 1183 2632 1

148 2683 307 2756 dixissem,
327 2682 424 2742 subiit
445 2679 617 2740 recordatio
639 2678 738 2752 egisse
760 2696 809 2735 me
831 2677 974 2736 iuvenem
996 2695 1093 2753 aeque
1116 2677 1149 2736 in

99 2802 127 2846 20
147 2788 353 2866 quadruplici.
396 2786 553 2846 Processit
574 2785 706 2858 animus,
729 2790 764 2842 ut
786 2783 873 2857 solet,
895 2782 1035 2857 longius:
1059 2783 1150 2861 coepi
1170 2795 1185 2840 2

148 2900 291 2971 reputare
312 2911 388 2970 quos
409 2892 442 2949 in
460 2891 519 2950 hoc
540 2890 665 2964 iudici0,
681 2908 759 2965 quos
781 2888 814 2945 in
835 2887 891 2946 illo
913 2887 1011 2947 socios
1033 2887 1149 2948 laboris

147 2999 334 3058 habuissem.
379 2997 469 3056 Solus
484 3015 568 3054 eram
585 2995 639 3072 qui
657 2995 690 3053 in
705 2999 837 3071 utroque
854 2993 1019 3052 dixissem:
1042 2973 1149 3054 tantas

147 3104 364 3163 conversiones
386 3109 439 3160 aut
460 3101 617 3175 fragilitas
640 3098 840 3158 mortalitatis
857 3104 911 3157 aut
928 3098 1073 3157 fortunae
1087 3117 1150 3158 mo

147 3209 254 3267 bilitas
269 3207 355 3266 facit.
392 3206 524 3276 Quidam
536 3224 575 3263 ex
586 3205 630 3264 eis
646 3204 699 3281 qui
715 3209 789 3262 tunc
800 3209 927 3278 egerant
939 3204 1149 3280 decesserunt,
1172 3220 1187 3266 3

98 3323 127 3368 25
148 3313 294 3373 exsulant
311 3312 375 3385 6111,
390 3312 463 3371 111116
479 3317 563 3370 aetas
584 3316 615 3369 et
635 3309 782 3368 valetudo
797 3309 958 3368 silentium
976 3309 1084 3384 suasit,
1097 3310 1151 3370 hic

146 3424 258 3495 sponte
288 3416 469 3478 beatissimo
500 3416 564 3474 otio
594 3414 720 3488 fruitur,
750 3414 829 3494 alius
858 3415 1029 3473 exercitum
1057 3415 1150 3492 regit,

126 3523 222 3582 illurn
246 3523 400 3587 civilibus
425 3523 539 3586 officiis
560 3520 718 3603 principis
739 3518 882 3578 amicitia
903 3519 1029 3575 eremit„
1064 3520 1163 3578 Ques.
1178 3542 1198 3582 u

105 3644 170 3686 1108
197 3629 291 3708 ipsos
320 3654 426 3715 quarn
452 3634 564 3698 multa
590 3634 724 3693 mutata
749 3625 848 3686 suntl.
885 3618 1017 3678 studes
1033 3618 1190 3688 111166611-
