2512 3870
437 161 698 212 EPISTULARUM
723 162 758 212 11.
781 162 819 212 14.
1090 146 1130 211 27

55 338 61 348 '
84 341 87 348 ’
124 340 176 393 tur
191 352 210 393 a
224 352 273 392 me
286 332 456 411 plurimum
467 352 524 391 neo
535 338 641 392 tamen
653 333 796 393 vincitur.
839 333 994 410 Equidem
1007 331 1129 390 iuvenis

40 461 48 468 ·
125 439 233 499 statim
248 439 354 497 iuveni
370 444 523 515 quantum
538 439 626 516 potui
642 458 696 516 per
711 444 844 498 aetatem
864 437 1044 498 avidissime
1061 456 1130 496 con·

124 544 185 604 tuli
210 551 242 604 et
264 563 365 621 nuper
389 546 428 604 ab
454 543 573 621 optimo
598 543 739 620 principe
764 544 860 603 trium
886 543 1054 602 liberorum
1079 543 1128 602 ius

124 650 300 727 impetravi.
344 650 433 720 Quod
449 669 639 727 quamquam
655 668 745 726 parce
761 655 874 708 etcum
892 648 1015 707 delectu
1030 648 1127 722 daret,

87 765 104 810 e
124 755 204 814 mihi
221 761 335 830 tamen,
351 762 512 833 tamquam
532 755 669 831 eligeret,
685 754 827 815 indulsit.
870 754 958 812 Haec
979 752 1129 813 beneficia
1149 761 1163 806 5

125 880 194 920 mea
214 861 295 920 tueri
317 861 405 920 nullo
425 861 517 919 modo
538 860 650 920 melius
672 878 765 937 quam
787 865 823 918 ut
844 877 971 936 augeam
992 877 1127 935 possum,

125 966 309 1044 praesertim
323 985 393 1026 cum
409 966 476 1044 ipse
491 966 625 1026 illatam
647 971 732 1041 grate
751 965 975 1042 interpretetur
994 970 1037 1038 ut,
1053 965 1127 1022 dum

74 1080 105 1125 10
125 1072 230 1149 priora
243 1071 366 1149 accipit,
383 1072 555 1149 posteriora
574 1077 737 1130 mereatur.
781 1071 888 1130 Habes
907 1069 1018 1147 qualis,
1034 1088 1127 1146 quam

125 1177 273 1253 probatus
293 1195 445 1255 carusque
464 1177 507 1237 sit
526 1177 625 1250 nobis,
641 1195 733 1254 quem
753 1195 827 1252 rogo
846 1195 902 1252 pro
922 1174 1055 1250 ingenio,
1072 1193 1128 1251 pro

124 1282 252 1341 fortuna
264 1287 321 1342 tua
335 1301 473 1343 exornes.
517 1282 555 1340 In
567 1282 677 1360 primis
689 1300 759 1341 ama
770 1281 943 1340 hominem:
966 1299 1036 1338 nam
1053 1280 1128 1339 licet
1148 1290 1175 1335 10

125 1387 245 1448 tribuas
266 1388 296 1447 ei
317 1393 470 1465 quantum
491 1387 721 1465 amplissimum
736 1392 833 1464 potes,
849 1386 930 1445 nihil
947 1391 1052 1445 tamen
1067 1405 1128 1445 am-

124 1493 208 1571 plius
220 1500 309 1571 potes
321 1493 460 1553 amicitia
470 1500 538 1568 tua;
562 1493 650 1552 ouius
662 1511 729 1552 esse
741 1511 810 1551 eum
823 1510 921 1568 usque
932 1491 972 1551 ad
982 1491 1127 1551 intimam

94 1662 100 1670 .
125 1598 374 1659 familiaritatem
403 1578 547 1676 capacem
578 1618 639 1676 quo
660 1599 758 1673 magis
780 1598 884 1671 scires,
907 1597 1043 1656 breviter
1068 1597 1128 1657 tibi

74 1712 103 1758 11
125 1704 239 1780 studia,
255 1723 365 1779 mores,
381 1723 503 1763 omnem
523 1703 657 1780 denique
676 1704 773 1763 vitam
791 1703 857 1762 eius
878 1702 1025 1779 expressi.
1068 1702 1129 1759 Ex-

124 1811 286 1869 tenderem
308 1828 423 1887 preceS,
439 1809 502 1869 nisi
517 1815 548 1868 et
562 1815 597 1867 tu
612 1808 714 1884 rogari
734 1808 788 1867 diu
806 1808 915 1881 nolles,
932 1813 962 1866 et
984 1826 1040 1881 ego
1061 1812 1129 1866 tota
1149 1819 1177 1863 15

124 1915 182 1974 hoc
194 1914 330 1993 epistula
341 1915 501 1975 fecissem:
523 1920 611 1990 rogat
622 1913 714 1987 enim,
725 1918 757 1972 et
768 1913 895 1990 quidem
907 1911 1127 1986 efficacissime,

125 2019 180 2098 qui
194 2020 299 2080 reddit
313 2039 422 2080 causas
437 2020 575 2096 rogandi.
618 2018 704 2079 Vale.

525 2224 577 2284 2⁵·
607 2222 723 2306 <xvi

373 2382 403 2434 C.
426 2381 570 2431 PLINIUS
593 2381 746 2430 MAXIMO
770 2381 837 2431 SUO
861 2381 903 2431 S.

397 2518 568 2580 Depeaerocy
580 2517 612 2577 os
625 2517 695 2578 lepol
708 2517 854 2577 eloquence.

90 2663 104 2708 1
165 2652 283 2712 Verum
311 2649 465 2726 opinaris:
499 2649 669 2724 distringor
703 2647 982 2707 centumviralibus
1017 2648 1128 2722 causis,

73 2782 95 2842 s
125 2774 205 2834 quae
230 2774 279 2814 me
304 2760 451 2813 exercent
478 2754 577 2828 magis
606 2772 699 2831 quam
726 2754 890 2812 delectant.
942 2753 1021 2811 Sunt
1047 2753 1128 2811 enim

125 2861 293 2939 pleraeque
308 2879 422 2937 parvae
444 2866 476 2918 et
497 2860 611 2918 exiles:
637 2877 707 2918 raro
728 2858 840 2917 incidit
860 2859 910 2916 vel
927 2876 1129 2934 personarum
1150 2875 1179 2918 20

43 2968 48 2975 '
90 2974 105 3018 2
125 2966 270 3026 claritate
285 2968 336 3024 vel
351 2965 469 3042 negotii
483 2964 699 3039 magnitudine
714 2963 856 3038 insignis.
900 2963 951 3021 Ad
965 2964 1023 3021 hoo
1038 2962 1129 3040 pauci

125 3091 196 3131 cum
221 3072 334 3149 quibus
363 3072 450 3129 iuvet
477 3071 595 3129 dicere:
629 3068 725 3128 ceteri
753 3069 885 3127 audaces
914 3074 1007 3144 atque
1035 3068 1129 3127 etiam

49 3252 52 3256 ἢ
125 3195 239 3253 magna
263 3196 302 3235 ex
326 3183 415 3254 parte
440 3175 668 3235 adulescentuli
690 3174 812 3234 obscuri
834 3174 873 3232 ad
895 3173 1130 3232 declamandum

40 3340 60 3353 ‚‚
126 3282 187 3342 huc
202 3281 403 3355 transierunt,
419 3287 482 3340 tam
504 3281 716 3339 inreverenter
734 3285 765 3338 et
782 3285 898 3337 temere
918 3283 953 3336 ut
971 3278 1050 3336 mihi
1065 3278 1132 3336 Ati-

126 3387 189 3447 lius
204 3392 310 3447 noster
329 3405 474 3463 expresse
495 3386 612 3444 dixisse
622 3385 766 3443 videatur
784 3383 829 3442 sic
847 3383 880 3440 in
894 3383 962 3441 foro
982 3401 1094 3459 pueros
1113 3402 1132 3441 a
1151 3399 1179 3441 aa

127 3491 405 3552 centumviralibus
417 3493 519 3552 causis
532 3489 692 3571 auspicari
704 3495 744 3551 ut
756 3489 799 3551 ab
806 3489 956 3548 llomero
964 3487 1010 3544 'm
1018 3485 1154 3544 semotis.

77 3596 196 3652 aNam
217 3595 273 3695 liic
295 3616 423 3677 quoque
445 3607 482 3662 ut
504 3601 575 3665 illic
596 3603 748 3685 primum
761 3598 876 3680 eoepit
889 3612 965 3657 esse
978 3579 1189 3668 mmmm
1241 3676 1244 3681 ,
