2512 3870
166 147 209 212 74
590 160 622 210 c.
640 160 741 209 rum

165 332 275 406 gebat!
297 350 389 408 quam
405 331 554 393 studiose.
571 350 665 408 quatu
685 330 907 405 intellegenter
927 330 1110 390 lectitabat!
1133 335 1169 389 ut

165 455 257 513 parce
277 437 493 511 custoditeque
514 436 658 494 ludebat!
699 436 767 504 Qua
788 434 844 494 illa
865 436 1083 512 temperantia,
1106 454 1170 512 qua

165 541 328 618 patientia.
343 560 405 616 qua
421 541 516 599 etiam
537 541 715 599 constantia
736 541 939 600 novissimam
953 540 1168 599 valetudinem

165 646 259 704 tulit!
300 645 434 704 Medicis
444 646 693 722 obsequebatur.
714 664 860 708 sororem.
881 652 1003 722 patrem
1025 645 1170 704 adhorta
1190 661 1206 704 1

130 751 267 823 abatur,
291 751 453 827 ipsamque
476 769 509 809 se
534 751 720 809 destitutam
747 751 885 828 corporis
912 750 1033 810 viribus
1061 751 1170 826 rigore

165 857 263 914 animi
284 856 468 915 sustinebat.
498 857 646 929 ,Duravit
667 856 718 914 hie
740 856 909 933 illiusque
930 857 970 914 ad
991 862 1206 914 111111111111115

82 1031 88 1039 ⁸
166 980 222 1019 nec
237 974 291 1020 aut
306 962 409 1037 spatio
423 961 614 1020 valetudinis
626 974 681 1020 aut
695 974 780 1019 metu
802 962 911 1021 mortis
932 961 1088 1020 infractus
1109 968 1170 1035 est,

166 1086 229 1144 quo
243 1067 348 1143 plures
369 1067 588 1142 gravioresque
610 1067 700 1126 nobis
720 1085 830 1126 causas
852 1067 1044 1143 relinqueret
1065 1074 1099 1125 et
1119 1067 1172 1125 do

166 1172 275 1230 siderii
290 1181 322 1230 et
342 1171 468 1230 doloris.
481 1168 538 1247 (O
559 1172 650 1230 triste
671 1172 764 1248 plane
785 1172 991 1248 acerbumque
1012 1172 1129 1231 funus!
1152 1183 1207 1231 oo

118 1287 148 1332 10
166 1288 266 1335 morte
280 1277 348 1353 ipsa
363 1277 472 1335 mortis
493 1290 617 1354 tempus
639 1278 816 1352 indignius!
838 1278 900 1336 iam
921 1278 1082 1337 destinata
1101 1284 1173 1336 erat

166 1383 290 1457 egregio
309 1383 424 1456 iuveni,
440 1382 502 1441 iam
522 1383 640 1441 electus
660 1383 842 1460 nuptiarum
863 1384 940 1457 dies.
956 1384 1018 1442 iam
1039 1402 1097 1442 nos
1119 1402 1173 1442 vo

165 1489 237 1545 cati.
287 1487 377 1556 Quod
396 1487 545 1562 gaudium
566 1507 628 1563 quo
649 1506 786 1545 maerore
807 1499 962 1546 mutatum
983 1490 1047 1547 est!
1093 1488 1207 1546 Non?

166 1612 292 1669 possum
306 1610 481 1668 exprimere
495 1593 600 1651 verbis
614 1606 766 1668 quantum
782 1594 888 1651 auimo
909 1592 1024 1652 vulnus
1045 1611 1173 1670 accepe·

166 1698 235 1759 rim.
260 1717 331 1756 cum
358 1698 464 1755 audiri
490 1698 676 1754 Fundanum
702 1698 814 1774 ipsum.
838 1712 874 1755 ut
900 1698 999 1756 multa
1022 1697 1174 1758 luctuosa

117 1818 146 1862 15
165 1804 254 1862 dolor
278 1804 408 1875 invenit,
431 1803 682 1879 praecipientem.
704 1803 787 1879 quod
813 1804 845 1860 iu
868 1816 971 1863 vestes
997 1805 1174 1878 margarita

114 1892 122 1907 ⁶
165 1928 304 1984 gemmas
328 1909 432 1967 fuerat
460 1920 651 1982 erogaturus.
676 1909 734 1966 hoc
762 1909 795 1965 in
820 1920 872 1967 tus
893 1918 926 1966 et
950 1915 1113 1983 unguenta
1139 1915 1173 1969 et

164 2015 275 2073 odores
299 2013 529 2090 inpenderetur.
572 2013 630 2071 Est
654 2014 782 2089 quidem
808 2014 864 2071 ille
892 2014 1034 2072 eruditus
1062 2020 1096 2073 et
1125 2028 1207 2075 stt-8

164 2121 264 2196 piens.
279 2132 313 2177 ut
329 2119 384 2194 qui
399 2138 431 2176 se
446 2118 485 2176 ab
499 2118 627 2176 ineunte
648 2130 751 2177 aetate
772 2118 936 2177 altioribus
956 2119 1074 2178 studiis
1094 2121 1173 2179 arti-

164 2226 284 2301 busque
299 2224 462 2283 dediderit.
475 2224 529 2282 sed
544 2243 625 2282 nuno
640 2225 744 2282 onmia
760 2243 839 2300 quae
855 2225 955 2283 audiit
971 2210 1074 2301 saepe,
1086 2244 1171 2302 quae

114 2340 145 2385 to
164 2331 245 2389 dixit
257 2308 444 2417 aspernatur
458 2328 660 2404 expulsisque
681 2330 851 2388 virtutibus
872 2329 945 2389 aliis
966 2330 1097 2406 pietatis
1120 2325 1172 2391 es't

163 2422 261 2495 totus.¹
301 2435 458 2510 Ignosees.
473 2434 616 2493 laudabis
634 2434 739 2495 etiarn.
754 2435 780 2494 si
798 2435 985 2509 cogitaveris
1000 2435 1078 2512 quid
1093 2437 1171 2496 ami·
1190 2451 1205 2496 9

163 2542 249 2599 serit.
292 2540 410 2598 Amisit
438 2540 521 2597 euim
544 2538 642 2597 filiam
664 2558 743 2616 quae
764 2559 826 2598 non
847 2542 952 2600 miuus
973 2559 1076 2600 mores
1099 2542 1169 2603 eius

163 2666 257 2722 quam
285 2665 320 2704 os
347 2645 531 2720 vultumque
560 2646 714 2704 referebat
745 2658 907 2722 tottunque
935 2653 1057 2723 patrem
1085 2648 1170 2708 mira

163 2751 373 2810 similitudine
401 2751 617 2826 exscripserat.
660 2751 796 2809 Proinde
821 2752 848 2810 si
871 2771 950 2828 quas
970 2752 1011 2810 ad
1032 2770 1107 2812 eum
1128 2753 1168 2812 de
1189 2766 1215 2811 10

112 2869 143 2914 m
163 2857 269 2915 dolore
283 2868 348 2914 tam
362 2856 447 2914 iusto
465 2855 588 2913 litteras
610 2855 726 2915 mittes.
741 2870 897 2915 memento
917 2856 1066 2916 adhibere
1090 2858 1170 2918 sola-

162 2962 253 3034 cium,
268 2980 330 3019 non
350 2959 441 3037 quasi
462 2959 695 3034 castigatorium
717 2971 748 3018 et
769 2960 863 3020 nimis
885 2961 976 3035 forte,
992 2962 1048 3021 sed
1069 2963 1168 3023 molle

162 3074 194 3127 et
207 3066 388 3127 humanum.
431 3065 520 3135 Quod
537 3078 572 3124 ut
594 3065 719 3124 facilius
740 3066 888 3125 admittat
909 3067 1044 3126 inultum
1066 3068 1168 3129 faciet

160 3173 257 3231 medii
272 3171 423 3249 temporis
438 3170 583 3247 spatium.
627 3172 673 3231 l't
688 3171 771 3228 enirn
785 3172 915 3229 crudum
930 3171 1034 3231 adhuc
1047 3173 1168 3239 vulnus
1186 3189 1212 3234 11

160 3278 353 3337 medentitun
368 3296 479 3336 manus
498 3276 691 3348 reformidat,
706 3277 818 3334 deinde
834 3277 958 3357 patitur·
970 3284 1067 3355 atque
1080 3279 1168 3340 ultro

110 3397 141 3442 a)
159 3384 302 3462 requirit,
324 3384 368 3442 sic
399 3400 507 3440 recens
529 3381 627 3440 animi
650 3381 737 3440 dolor
758 3381 987 3442 consolationes
1014 3384 1109 3445 reicit
1130 3405 1167 3446 ao

140 3490 277 3567 redigit,
292 3509 371 3551 mox
395 3488 561 3551 desiderat
581 3496 615 3548 et
635 3485 803 3546 elementer
822 3487 958 3547 admotis
976 3488 1166 3565 adquiescit.
1239 3472 1250 3540 ·¹

129 3591 220 3655 l'ala
