2512 3870
149 139 192 202 64
575 151 605 202 c.
627 151 727 200 emur

148 323 279 399 tissime,
294 343 364 383 cum
378 323 483 383 omnia
496 342 536 382 cx
549 323 680 383 consilio
695 322 920 400 sapientissimi
931 321 991 381 viri
1006 322 1149 381 facerem.

148 429 232 499 oum
251 429 345 488 enam
364 429 498 488 moriens
518 428 602 487 filiae
622 447 704 504 suae,
723 435 759 487 ut
777 428 847 505 ipsa
864 428 944 487 solet
963 427 1154 504 praedicare,
1204 410 1223 423 ³

151 535 282 594 ‘multos
297 534 424 611 quidem
438 533 552 593 amicos
569 533 628 593 tibi
642 539 679 592 ut
696 533 834 608 longiore
848 533 915 592 rita
934 532 1052 611 paravi,
1067 550 1165 609 prae.

150 640 258 718 cipuos
273 645 378 699 tamen
394 640 569 698 Secundum
584 645 616 698 et
634 639 824 699 Cornutum!
866 639 955 709 Quod
970 657 1040 697 omn
1055 656 1151 697 recor-

114 757 128 802 5
150 746 215 819 dor,
230 744 379 820 intellego
394 744 472 802 mihi
490 744 694 803 laborandum
709 762 747 802 ne
762 762 825 820 qua
840 749 928 820 parte
944 743 1052 803 videar
1070 743 1151 804 hanc
1172 757 1199 801 lo

150 851 189 909 de
210 869 258 909 me
279 849 427 909 fiduciam
449 849 717 926 providentissimi
736 849 797 907 viri
819 848 1008 909 destituisse.
1050 850 1151 920 Quare
1173 866 1200 910 11

150 975 207 1032 ego
217 974 291 1014 vero
303 955 454 1016 Corelliae
469 955 563 1014 adero
577 954 810 1032 promptissime
825 973 881 1013 nec
896 954 1000 1014 subire
1015 954 1152 1014 offensas

150 1062 314 1121 recusabo:
337 1079 525 1138 quamquam
540 1079 603 1118 non
618 1059 718 1119 solum
732 1059 857 1119 veniam
871 1077 919 1118 me
934 1059 1153 1119 verumetiam

150 1167 276 1226 laudern
290 1167 372 1244 apud
387 1166 483 1225 istum
502 1165 605 1242 ipsum
619 1184 638 1224 a
652 1184 722 1241 quo,
736 1170 773 1223 ut
788 1164 844 1240 ais,
860 1183 941 1223 nova
956 1164 997 1224 lis
1016 1164 1153 1224 fortasse
1201 1227 1206 1233 ,

101 1287 130 1333 10
150 1277 186 1331 ut
213 1271 348 1330 feminae
379 1271 554 1329 intenditur
584 1270 718 1329 arbitror
745 1275 990 1344 consecuturum,
1019 1269 1047 1328 si
1073 1269 1153 1329 haec

150 1377 259 1436 cadem
278 1376 311 1434 in
328 1376 459 1450 actione,
475 1375 569 1435 latius
590 1375 709 1435 scilicet
727 1380 759 1434 et
778 1375 904 1434 uberius
923 1393 1017 1451 quam
1035 1374 1155 1453 epistu-

150 1482 251 1541 larum
271 1481 434 1556 angustiae
456 1480 573 1555 sinunt,
595 1480 645 1539 vel
670 1481 703 1538 in
728 1480 959 1540 excusationem
979 1479 1031 1539 vel
1055 1480 1155 1541 etiam
1236 1469 1239 1477 ¹

150 1587 449 1646 commendationem
469 1604 570 1645 meam
590 1586 706 1644 dixero.
749 1585 836 1647 Vale.

547 1800 599 1861 51.
631 1797 749 1879 (xix.)

224 1959 255 2010 C.
279 1958 430 2026 PLIMUS
446 1959 682 2010 CALPURNIAE
707 1959 914 2009 HISPULLAE
938 1958 1033 2009 SUAE
1057 1958 1084 2010 S.

397 2094 479 2155 Pliny
486 2095 592 2156 promes
604 2094 647 2143 tis
658 2095 718 2156 wisc
731 2099 757 2144 to
769 2095 817 2143 ter
829 2100 903 2144 auat.

190 2228 269 2288 Cum
297 2226 340 2286 sis
364 2226 493 2304 pietatis
522 2225 700 2302 exemplum
723 2226 917 2303 fratremque
939 2227 1094 2305 optimum
1119 2233 1155 2287 et
1176 2236 1190 2281 1

101 2352 129 2397 15
148 2331 400 2392 amantissimum
421 2332 468 2390 tui
489 2330 559 2408 pari
581 2331 712 2390 caritate
735 2331 883 2392 dilexeris
900 2331 1061 2408 filiamque
1083 2331 1155 2393 eius

149 2443 185 2497 ut
198 2443 285 2496 tuam
309 2436 423 2511 diligas
445 2455 502 2494 nec
524 2441 648 2494 tanturn
670 2436 785 2495 amitae
807 2436 836 2496 ei
859 2436 1017 2496 adfectum
1040 2455 1154 2496 verum

149 2543 245 2602 etiam
258 2543 357 2619 patris
372 2540 479 2600 amissi
495 2547 716 2618 repraesentes,
731 2560 794 2599 non
816 2541 925 2601 dubito
940 2541 1076 2630 maximo
1090 2541 1153 2602 tibi

149 2647 263 2723 gaudio
287 2647 364 2720 fore,
388 2665 458 2704 cum
481 2646 661 2720 cognoveris
681 2646 808 2722 dignam
831 2652 929 2724 patre,
953 2646 1081 2721 dignam
1108 2652 1152 2723 te,
1179 2635 1182 2638 ⁴

149 2753 276 2828 dignam
298 2770 355 2811 avo
376 2751 515 2809 evadere.
560 2751 720 2810 Summum
737 2757 784 2810 est
801 2770 937 2826 acumen,
953 2770 1075 2811 summa
1087 2751 1153 2811 fru-
1171 2763 1188 2832 ,²

100 2879 129 2924 ρο
149 2857 277 2934 galitas:
300 2846 385 2915 amat
399 2874 457 2930 me,
472 2857 556 2932 quod
575 2855 732 2915 castitatis
746 2856 897 2915 indicium
919 2862 974 2917 est.
1018 2856 1153 2917 Accedit

148 2962 200 3022 his
223 2961 362 3022 studium
385 2960 570 3034 litterarum,
593 2962 676 3037 quod
698 2980 737 3020 ex
761 2960 823 3020 mei
845 2961 975 3021 caritate
996 2961 1149 3040 concepit.

98 3048 102 3053 ’
148 3069 237 3127 Meos
265 3066 389 3126 libellos
417 3066 521 3140 habet,
550 3066 681 3140 lectitat,
706 3066 817 3126 edis'cit
844 3067 948 3126 ctiam.
998 3067 1066 3137 Qua
1083 3046 1187 3128 illas

149 3171 371 3246 sollicitudine,
383 3190 453 3230 cum
468 3171 576 3230 videor
590 3177 724 3246 acturus
740 3178 866 3248 quante,
881 3191 951 3230 cum
965 3171 1023 3248 egi,
1036 3172 1152 3248 gaudio
1184 3210 1187 3214 -

149 3278 309 3338 adficitur!
352 3276 500 3353 Disponit
528 3276 582 3354 qui
605 3277 751 3345 nuntient
774 3276 835 3336 sibi
858 3295 950 3354 quem
971 3250 1149 3355 adsensum,

99 3403 128 3448 25
148 3403 225 3461 quos
241 3382 391 3442 clamores
406 3382 577 3457 excitarim,
594 3401 686 3459 quem
709 3370 855 3456 arentum
878 3382 988 3441 iudicii
1010 3382 1161 3443 tulerim..

133 3488 266 3563 Eadem,
284 3487 457 3568 siquando
479 3487 586 3564 recito,
600 3487 637 3547 in
648 3487 792 3567 proximo
814 3487 951 3550 discreta
967 3486 1038 3545 selo
1061 3488 1151 3548 sedet

69 3620 79 3639 ·
111 3590 301 3673 laudesque
327 3603 466 3663 nostras
489 3596 700 3663 avidissimis
722 3593 858 3656 auritus
883 3589 1015 3664 eampis.
1045 3589 1175 3647 uersas
1191 3601 1213 3642 u
