2512 3870
167 185 210 249 60
590 196 621 246 c.
640 195 742 244 rum

166 386 227 444 que
247 386 388 427 reversus
410 368 582 442 Caesarem,
598 366 711 425 deinde
733 367 866 457 §cesare
882 372 1008 425 auctore
1022 372 1169 426 senatum

166 472 325 531 consuluit
347 473 423 548 quid
445 471 513 530 fieri
535 473 573 530 de
595 471 710 530 salario
733 471 837 529 vellet.
888 472 993 531 Parra
1015 471 1169 548 quaestio,

167 579 222 638 sed
253 584 358 636 tamen
388 577 537 654 quaestio.
594 577 737 636 Heredes
769 576 887 636 scribae
916 576 985 651 sibi,
1014 575 1170 653 praefecti

166 683 278 742 aerarii
300 683 415 760 populo
429 683 638 742 uindicabant
681 683 763 740 Aeta
782 701 876 740 eausa
894 689 959 740 est:
982 681 1066 741 dixit
1084 681 1171 741 here-
1191 691 1205 735 4

130 790 240 848 udum
275 789 453 862 advocatus
482 787 597 846 deinde
632 787 750 864 populi,
779 794 912 864 uterque
942 787 1168 864 percommode.

166 892 321 953 Caecilius
356 893 466 952 Strabo
494 893 614 951 aerario
642 893 765 952 censuit
793 892 1002 991 inferendum,
1031 892 1170 952 Baebius
1249 868 1252 877 ¹

166 1001 272 1058 Macer
299 999 465 1058 heredibus
494 999 649 1057 dandum:
679 998 861 1058 obtinuitS
894 999 952 1058 abo
1003 999 1052 1056 Tu
1073 997 1207 1057 laudas

165 1102 394 1178 Marcellinum,
408 1109 445 1171 ut
462 1120 518 1179 ego
534 1103 642 1162 statim
656 1103 726 1162 feci.
770 1103 919 1174 Quamris
957 1102 1024 1181 nim
1045 1103 1172 1162 abunde

166 1208 300 1268 sufficiat
314 1208 363 1267 illi
384 1210 468 1287 quod
490 1216 538 1269 est
556 1216 588 1268 et
606 1209 779 1287 aprineipe
795 1216 827 1268 et
841 1228 860 1268 a
874 1214 985 1268 senatu
1007 1209 1171 1285 probatus,

118 1329 147 1375 10
166 1315 314 1390 gaudebit
334 1320 440 1374 tamen
460 1315 643 1375 testimonio
657 1322 720 1374 tuo.
765 1314 881 1374 Omnes
895 1313 979 1372 enim
993 1313 1048 1406 qui
1069 1312 1175 1389 gloria
1193 1321 1209 1367 6

62 1458 67 1467 ·
165 1416 312 1497 famaque
334 1420 489 1479 ducuntur
504 1421 618 1479 mirum
639 1420 673 1478 in
695 1421 822 1479 modum
844 1419 989 1479 adsensio
1009 1424 1043 1478 et
1065 1418 1139 1479 laus
1153 1437 1175 1479 a

166 1526 337 1585 minoribus
352 1527 446 1584 etiam
464 1525 607 1602 profecta
623 1525 766 1584 delectat.
809 1526 853 1583 Te
868 1542 942 1583 vero
963 1523 1173 1584 Marcellinus

165 1631 213 1690 ita
226 1637 384 1689 reveretur
401 1636 437 1689 ut
459 1630 575 1690 iudicio
596 1636 650 1689 tuo
672 1629 842 1707 plurimum
864 1629 992 1688 tribuat.
1034 1629 1175 1689 Accedit
1194 1636 1208 1682 Ἰ

165 1737 216 1796 his
239 1737 331 1813 quod,
354 1735 381 1795 si
403 1735 585 1811 cognoverit
599 1735 719 1794 iactum
747 1754 838 1794 suum
867 1735 930 1794 isto
951 1752 1050 1811 usque
1079 1752 1175 1811 pene-

117 1857 146 1902 15
166 1849 274 1917 trasse,
293 1858 418 1900 neeesse
441 1846 490 1900 est
513 1840 617 1900 laudis
641 1858 714 1899 suae
740 1839 843 1917 spatio
864 1844 896 1898 et
917 1857 1009 1927 eursu
1030 1843 1063 1898 et
1085 1822 1176 1916 pere

167 1947 341 2022 grinatioue
356 1946 500 2005 laetetur.
542 1946 679 2020 Etenim,
691 1945 798 2004 nescio
811 1963 872 2021 quo
886 1949 987 2021 pacto,
1002 1943 1053 2003 vel
1069 1944 1175 2021 magis

166 2051 308 2111 homines
323 2051 411 2110 iuvat
426 2051 525 2126 gloria
538 2051 605 2109 lata
619 2069 713 2127 quam
728 2068 849 2125 magua.
891 2048 980 2109 Vale.

565 2263 618 2325 aa
648 2261 772 2342 (xm.)
989 2300 995 2337 ,
1034 2192 1081 2309 i‘

413 2422 442 2473 o.
469 2419 613 2470 minius
636 2416 770 2469 memo
794 2416 862 2468 suo
886 2417 912 2468 s.

359 2558 442 2618 Pliny
454 2557 527 2618 belps
540 2561 566 2604 to
580 2555 671 2604 endow
683 2567 700 2602 a
713 2553 802 2602 school
814 2559 843 2603 at
858 2551 977 2602 Comum.

208 2690 336 2753 Salvum
350 2695 382 2749 te
397 2690 430 2749 in
444 2688 552 2748 urbem
574 2685 697 2746 venisse
719 2685 854 2760 gaudem
876 2684 994 2744 venisti
1013 2690 1130 2763 autem,
1146 2687 1174 2748 si
1193 2704 1207 2749 1

168 2797 292 2875 quaudo
307 2796 395 2870 alias,
410 2812 493 2853 nunc
508 2792 643 2852 maxime
659 2789 737 2849 mihi
754 2790 958 2849 desideratus.
1001 2789 1077 2867 Ipse
1098 2811 1174 2870 pau·

21 2970 24 2975 ,
118 2918 148 2963 20
168 2902 246 2962 culis
261 2902 363 2961 adhuc
379 2900 488 2959 diebus
503 2898 537 2956 in
552 2895 729 2956 Tusculano
750 2895 969 2969 commorabor,
991 2900 1027 2954 ut
1042 2914 1174 2972 opuscu-

167 3008 233 3066 lum
254 3007 337 3085 quod
358 3012 405 3066 est
433 3006 467 3065 in
494 3003 638 3063 manibus
659 3000 826 3062 absolvam.
869 3001 986 3060 Vereor
1008 3000 1093 3060 enim
1122 3018 1207 3077 ne,2

168 3114 195 3174 si
222 3113 303 3173 hano
327 3111 533 3171 intentionem
556 3109 618 3168 iam
641 3107 675 3165 in
696 3106 758 3164 fine
783 3105 988 3181 intermisero,
1010 3123 1104 3183 aegre
1129 3126 1174 3168 re-

169 3238 297 3280 sumam.
341 3217 472 3277 Interim
487 3235 527 3275 ne
542 3213 619 3292 quid
633 3211 832 3272 festinationi
846 3229 933 3272 meae
954 3217 1072 3288 pereat,
1087 3213 1175 3291 quod

169 3344 236 3385 sum
254 3342 401 3402 praesens
423 3321 580 3400 petiturus
601 3319 660 3377 hao
683 3316 773 3394 quasi
798 3316 1011 3394 praecursoria
1033 3316 1175 3395 epistula

112 3448 147 3493 25
163 3426 280 3507 rogare
293 3429 356 3490 Sed
379 3428 467 3507 prius
489 3425 594 3502 accipe
617 3441 726 3482 causas
748 3421 887 3515 rogandi.
930 3421 1079 3482 Proximo
1101 3440 1209 3488 cuma

145 3533 183 3592 in
210 3536 323 3613 patria
350 3555 424 3597 mea
446 3533 507 3612 ini,
529 3529 622 3593 venit
644 3529 687 3590 ad
710 3544 764 3587 me
786 3524 991 3584 salutandum
1006 3527 1179 3603 mumolum

126 3640 201 3700 mei
229 3642 327 3707 iilius
358 3648 614 3727 praetextatus.
662 3634 758 3696 linio
785 3647 846 3704 eal)
866 3625 1035 3686 ‘immi‘
1059 3625 1209 3699 'imm
