2512 3870
151 159 216 240 11'8
393 140 397 147 Ι
576 188 606 240 c.
630 188 729 237 rmrvr

93 420 96 425 .
152 358 314 419 lasciviam
342 365 374 419 et
402 360 496 419 solita
523 359 698 419 ministeria
732 358 892 436 repetisse.
949 348 1158 419 Confluebant
1178 362 1205 407 1⁰

151 482 257 524 ornnes
279 464 319 523 ad
340 465 553 541 spectaculum
576 465 787 539 magistratus,
809 483 940 540 quorum
962 463 1101 523 adventu
1125 469 1158 522 et
1209 497 1211 501 ·

116 614 119 620 Δ
151 589 238 629 mora
265 571 387 629 modica
407 589 456 630 res
478 570 604 647 publica
631 569 720 629 novis
749 569 925 646 sumptibus
954 569 1156 628 atterebatur.
1192 583 1194 587 ’
1235 556 1243 562 ’

151 676 313 734 Postremo
335 676 421 735 locus
450 675 518 753 ipse
545 676 682 752 quietem
705 693 793 734 suam
814 679 1030 750 secretumque
1051 674 1159 751 perde·
1219 652 1222 656 ’

116 781 213 840 nbat.
257 781 382 840 Placuit
409 780 529 840 occulte
552 780 688 840 interfici
709 780 749 839 ad
770 780 854 857 quod
875 779 1023 838 coibatur.
1068 779 1157 838 Haec
1178 787 1204 832 11

153 892 188 945 tu
208 904 270 962 qua
293 886 500 961 miseratione,
515 905 577 963 qua
597 886 687 963 copia
707 885 845 960 deflebis,
861 884 995 959 ornabis,
1011 883 1156 943 attolles!

152 992 344 1068 Quamquam
363 1010 426 1050 non
446 997 493 1051 est
512 1010 590 1069 opus
612 990 753 1066 adfingas
774 990 895 1067 aliquid
915 995 970 1049 aut
991 989 1156 1050 adstruas:

153 1095 267 1156 sufficit
281 1115 320 1155 ne
335 1115 465 1174 eaquae
481 1103 555 1157 sunt
570 1115 643 1156 vcra
657 1096 846 1156 minuantur.
889 1094 977 1154 Vale.

521 1353 573 1413 99.
603 1350 783 1431 (xxxvi.)

416 1521 446 1572 C.
468 1520 613 1571 PLINIUS
635 1520 749 1572 FUSCO
773 1519 841 1570 SUO
864 1519 891 1571 S.

318 1679 424 1740 Pliny's
442 1692 555 1728 artoooer
573 1678 605 1739 os
618 1679 663 1740 lise
682 1684 710 1728 at
727 1678 769 1727 bis
791 1678 896 1727 Tuscoa
912 1678 987 1727 villo.

193 1835 321 1906 Quaeris
341 1834 602 1911 quemadmodum
623 1833 656 1891 in
676 1833 787 1893 Tuscis
808 1833 891 1893 diem
913 1837 1032 1892 aestate
1053 1832 1157 1910 dispo
1177 1842 1191 1887 1

104 1958 133 2002 10
153 1960 234 2001 nam.
276 1939 403 2016 Evigilo
430 1958 499 1998 cum
524 1939 627 2022 libuit,
653 1939 836 2016 plerumque
860 1938 942 1998 circa
965 1938 1074 1997 horam
1095 1938 1157 2015 pri-

153 2065 245 2122 mam,
261 2064 352 2122 saepe
367 2050 448 2119 ante,
464 2044 584 2104 tardius
599 2063 684 2103 raro:
706 2044 829 2104 clausae
843 2043 1001 2104 fenestrae
1015 2048 1153 2102 manent.
1213 2055 1215 2060 ’

153 2152 235 2211 Mire
257 2151 340 2210 enim
363 2149 488 2209 silentio
511 2154 543 2208 et
565 2149 701 2208 tenebris
724 2149 825 2209 abeis
848 2167 928 2226 quae
950 2153 1084 2208 avocant
1105 2148 1155 2207 ab
1176 2157 1191 2202 2

153 2257 274 2330 ductus
296 2262 327 2314 et
348 2255 427 2314 liber
448 2260 479 2312 et
500 2253 578 2311 mihi
600 2254 736 2329 relictus,
758 2272 820 2312 non
843 2253 947 2313 oculos
970 2253 1073 2313 animo
1099 2253 1157 2313 sed

153 2361 292 2421 animum
306 2359 403 2419 oculis
419 2378 539 2435 sequor,
555 2359 608 2435 qui
624 2359 730 2418 eadem
746 2377 826 2435 quae
846 2377 934 2418 mens
948 2358 1072 2432 vident,¹
1082 2377 1157 2434 quo

103 2486 132 2531 15
152 2467 234 2527 tiens
256 2485 318 2524 non
333 2465 441 2523 vident
456 2463 525 2523 alia.
569 2463 687 2539 Cogito,
703 2464 731 2524 si
745 2464 822 2540 quid
836 2463 869 2522 in
884 2463 1036 2537 manibus,
1051 2464 1157 2540 cogito

153 2573 191 2631 ad
206 2570 335 2629 verbum
350 2568 498 2629 scribenti
514 2568 754 2644 emendantique
769 2568 892 2643 similis,
907 2587 990 2627 nunc
1005 2567 1157 2645 pauciora

152 2695 235 2735 nunc
244 2675 343 2752 plura,
353 2680 389 2732 ut
400 2674 448 2732 vel
461 2672 586 2733 difficile
597 2672 646 2731 vel
658 2672 752 2733 facile
764 2674 907 2751 componi
918 2673 1056 2733 tenerive
1065 2679 1157 2751 potu·

152 2786 252 2840 erunt.
294 2779 462 2839 Notarium
477 2797 552 2838 voco
573 2783 604 2837 et
626 2778 676 2837 die
698 2778 834 2838 admisso
848 2797 928 2855 quae
944 2779 1157 2838 formaveram

152 2884 253 2944 dioto:
289 2882 354 2942 abit
384 2899 552 2957 rursusque
581 2883 744 2938 revocatur
772 2896 941 2955 rursusque
968 2876 1154 2938 dimittitur.
1218 2947 1222 2951 q

101 3001 130 3046 20
152 2989 216 3050 Ubi
239 2978 315 3046 hora
335 2992 446 3063 quarta
459 2985 510 3044 vel
532 2985 643 3062 quinta
659 2983 773 3062 (neque
790 2984 874 3043 enim
894 2988 1013 3042 certum
1036 2983 1188 3043 dimens

153 3111 283 3170 sumque
298 3093 446 3172 tempus),
462 3096 497 3150 ut
511 3089 578 3149 dics
594 3088 703 3164 suasit,
715 3088 750 3147 in
763 3094 891 3167 xystum
905 3086 1016 3147 merel
1031 3094 1160 3167 crypto-
1212 3100 1227 3135 a

153 3198 307 3277 porticum
328 3195 463 3268 confero,
485 3193 607 3270 reliqua
624 3193 758 3253 meditor
779 3199 811 3252 et
831 3193 923 3252 dicto.
965 3192 1159 3255 Vehiculum

153 3302 293 3364 ascendo.
336 3300 386 3359 lbi
409 3316 532 3375 quoquc
553 3297 637 3356 idem
658 3298 741 3374 quod
765 3297 927 3358 ambulans
955 3303 1010 3358 aut
1038 3298 1155 3360 iacens.

149 3411 254 3468 Durat
269 3405 404 3466 intentio
419 3403 591 3463 mutatione
606 3403 676 3480 ipsa
689 3402 822 3462 refecta:
846 3402 974 3480 paulum
988 3403 1156 3479 redormio,

75 3527 112 3571 ,⁹5
131 3511 209 3570 dein
224 3513 365 3594 ambulo,
380 3532 457 3574 mox
472 3509 653 3574 orationem
666 3509 823 3571 Graecam
828 3507 1020 3566 Latinamve
1030 3507 1115 3565 class
1125 3514 1162 3566 st

109 3613 254 3698 intente,
272 3642 344 3685 non
364 3629 437 3687 tam
454 3621 550 3686 vocis
573 3637 677 3685 eausa
697 3633 801 3695 quam
819 3605 1088 3677 stomaddxleaoz
1102 3607 1191 3678 qam-
