2512 3870
446 191 708 242 unsrunnnun
731 194 765 243 x.
785 193 825 244 ee.
996 245 999 252 ,
1074 182 1137 246 123

97 368 111 412 2
133 361 277 438 θρεπτούς.
319 362 358 421 In
373 349 436 439 qua
450 382 506 438 ego
520 364 637 424 auditis
652 366 929 427 constitutionibus
949 367 1135 445 principum,

133 466 206 541 quia
220 466 301 525 nihil
319 467 514 528 inveniebam
535 474 589 529 aut
605 471 765 547 proprium
785 477 839 530 aut
859 472 1035 532 universale
1052 474 1136 550 quod

131 570 171 629 ad
197 556 353 650 Bithynos
379 574 523 644 ferretur,
549 575 774 634 consulendum
799 582 830 635 te
855 577 1034 637 existimavi
1059 578 1135 654 quid

131 676 289 736 observari
314 676 420 737 velles.
463 679 575 755 Neque
600 679 683 738 enim
709 680 819 757 putavi
844 700 936 758 posse
961 701 1010 741 me
1038 682 1071 741 in
1099 702 1135 742 eo

131 782 213 856 quod
238 783 456 842 auctoritatem
479 790 565 844 tuam
586 791 728 862 posceret
753 786 896 864 exemplo
920 804 987 847 esse
1012 793 1169 848 conten-5

95 895 110 940 3
130 891 205 945 tum.
249 887 455 949 Recitabatur
480 894 584 949 autem
609 891 693 968 apud
714 909 764 950 me
785 891 922 951 edictum
947 892 1031 968 quod
1055 893 1135 953 dice-

130 991 221 1050 batur
245 993 311 1051 divi
336 993 483 1070 Augusti,
506 995 546 1054 ad
570 995 708 1055 Anniam
729 996 906 1073 pertinens:
932 997 1081 1058 recitatae
1103 1005 1134 1059 et

130 1097 283 1174 epistulae
301 1098 367 1157 divi
385 1100 573 1177 Vespasiani
589 1101 629 1160 ad
648 1102 910 1162 Lacedaemonios
929 1108 961 1162 et
981 1104 1049 1162 divr
1068 1105 1133 1164 Titi

129 1202 169 1261 ad
188 1203 312 1263 eosdem
334 1209 367 1264 et
387 1205 427 1264 ad
442 1205 594 1282 Achaeos,
610 1212 641 1266 et
662 1207 836 1268 Domitiani
858 1209 899 1268 ad
912 1208 1062 1268 Avidium
1078 1211 1134 1270 Ni-

129 1307 254 1382 grinum
278 1315 310 1369 et
337 1309 522 1369 Armenium
550 1312 726 1371 Brocchum
753 1314 963 1390 proconsules,
989 1315 1066 1375 item
1093 1317 1133 1375 ad
1154 1328 1183 1373 10

129 1412 406 1475 Lacedaemonios:
430 1435 509 1492 quae
527 1416 597 1476 ideo
615 1417 673 1477 tibi
691 1437 754 1477 non
774 1419 857 1493 misi,
874 1420 948 1496 quia
969 1426 1001 1479 et
1022 1439 1132 1498 parum

129 1519 294 1580 emendata
307 1526 339 1580 et
353 1522 506 1598 quaedam
521 1542 584 1582 non
598 1528 700 1583 certae
713 1523 788 1582 fidei
803 1524 991 1585 videbantur
1010 1531 1042 1585 et
1058 1525 1133 1603 quia

131 1643 202 1684 vera
215 1631 247 1684 et
261 1626 427 1686 emendata
440 1627 473 1685 in
489 1627 612 1688 scriniis
627 1628 691 1688 tuis
707 1646 774 1689 esse
789 1629 960 1690 credebam.

503 1868 578 1931 105.
608 1868 750 1950 (axvi.)
770 1879 816 1934 n.

435 2036 623 2088 annianus
646 2039 769 2090 rnnuo
793 2039 819 2090 s
865 2021 890 2076 -’
917 2055 920 2058 <
955 2047 958 2053 ·

505 2195 630 2258 Trojano
642 2211 752 2248 auswer.

62 2411 65 2416 ,
93 2362 107 2407 1
167 2349 315 2420 Quaestio
331 2349 394 2411 ista
412 2369 491 2429 quae
511 2351 649 2428 pertinet
670 2353 710 2411 ad
731 2371 783 2413 eos
804 2353 860 2430 qui
881 2353 973 2414 liberi
993 2355 1061 2415 nati
1082 2375 1132 2415 ex-

126 2455 232 2533 positi,
248 2456 360 2515 deinde
375 2456 491 2516 sublati
506 2475 525 2516 a
538 2457 726 2534 quibusdam
740 2463 772 2516 et
787 2458 820 2517 in
838 2459 989 2519 servitute
1007 2460 1131 2520 educati
1151 2476 1179 2552 rs

128 2566 201 2620 sunt
220 2579 312 2638 saepe
333 2566 468 2621 tractata
485 2567 542 2637 est,
558 2581 615 2622 nec
636 2562 803 2639 quicquam
817 2551 977 2624 invenitur
998 2566 1032 2623 in
1052 2583 1131 2624 com-

127 2667 289 2726 mentariis
304 2686 410 2726 eorum
424 2667 602 2745 principum
617 2668 672 2744 qui
686 2673 758 2727 ante
772 2688 821 2728 ine
839 2669 977 2744 fuerunt,
993 2672 1075 2746 quod
1090 2671 1130 2730 ad

91 2787 106 2830 2
127 2790 234 2831 omnes
252 2772 430 2848 provincias
453 2773 495 2832 sit
516 2773 731 2832 constitutum.
774 2773 938 2850 Epistulae
961 2793 1034 2834 sane
1057 2781 1130 2835 sunt

127 2876 301 2936 Domitiani
313 2878 353 2937 ad
363 2878 516 2937 Avidium
526 2878 696 2954 Nigrinum
707 2884 739 2938 et
750 2879 934 2938 Armenium
948 2879 1133 2957 Brocchum,

127 3002 206 3059 quae
229 2983 363 3044 fortasse
388 2984 522 3043 debeant
547 2983 720 3044 observari:
744 2985 799 3043 sed
823 2984 908 3044 intra
932 3004 983 3045 eas
1007 2987 1130 3062 provin·
1149 3001 1179 3045 20

126 3088 190 3149 cias
206 3089 244 3147 de
259 3089 372 3165 quibus
387 3088 557 3167 rescripsit,
572 3089 655 3148 inter
669 3107 747 3165 quas
762 3108 824 3147 non
839 3095 887 3150 est
904 3090 1074 3168 Bithynia3
1098 3097 1129 3150 et

126 3193 196 3253 ideo
220 3213 277 3253 nec
301 3194 511 3254 adsertionem
536 3195 750 3269 denegandam
774 3193 814 3254 lis
839 3195 954 3271 quiex
976 3196 1129 3256 eiusmodi

127 3318 221 3360 causa
252 3300 286 3358 in
318 3298 496 3360 libertatem
524 3299 767 3358 vindicabuntur
794 3305 871 3376 puto
899 3319 1000 3378 neque
1027 3301 1129 3379 ipsam

126 3404 306 3464 libertatern
319 3404 533 3464 redimendam
547 3402 649 3482 pretio
663 3403 890 3464 alimentorum.
