<?xml version="1.0" encoding="UTF-8"?>
<!DOCTYPE html PUBLIC "-//W3C//DTD XHTML 1.0 Transitional//EN"
    "http://www.w3.org/TR/xhtml1/DTD/xhtml1-transitional.dtd">
<html xmlns="http://www.w3.org/1999/xhtml" xml:lang="en" lang="en">
 <head>
  <title>
</title>
<meta http-equiv="Content-Type" content="text/html;charset=utf-8" />
  <meta name='ocr-system' content='tesseract 3.04.00' />
  <meta name='ocr-capabilities' content='ocr_page ocr_carea ocr_par ocr_line ocrx_word'/>
</head>
<body>
  <div class='ocr_page' id='page_1' title='image "./cplinisecundiep01plingoog_0100.png"; bbox 0 0 2512 3870; ppageno 0'>
   <div class='ocr_carea' id='block_1_1' title="bbox 418 152 1114 217">
    <p class='ocr_par' dir='ltr' id='par_1_1' title="bbox 418 152 1114 217">
     <span class='ocr_line' id='line_1_1' title="bbox 418 152 1114 217; baseline 0.009 -6"><span class='ocrx_word' id='word_1_1' title='bbox 418 161 680 213; x_wconf 75' lang='lat' dir='ltr'>nrrsruunnun</span> <span class='ocrx_word' id='word_1_2' title='bbox 704 163 752 214; x_wconf 77' lang='lat' dir='ltr'>iv,</span> <span class='ocrx_word' id='word_1_3' title='bbox 774 162 814 213; x_wconf 88' lang='lat'>13.</span> <span class='ocrx_word' id='word_1_4' title='bbox 1073 152 1114 217; x_wconf 89' lang='grc'>61</span> 
     </span>
    </p>
   </div>
   <div class='ocr_carea' id='block_1_2' title="bbox 73 333 1224 3691">
    <p class='ocr_par' dir='ltr' id='par_1_2' title="bbox 113 333 1190 624">
     <span class='ocr_line' id='line_1_2' title="bbox 113 333 1114 411; baseline 0.003 -19"><span class='ocrx_word' id='word_1_5' title='bbox 113 333 291 411; x_wconf 81' lang='lat' dir='ltr'><strong>Respondit</strong></span> <span class='ocrx_word' id='word_1_6' title='bbox 320 333 451 393; x_wconf 85' lang='lat' dir='ltr'>‘etiam&#39;</span> <span class='ocrx_word' id='word_1_7' title='bbox 503 334 630 394; x_wconf 71' lang='lat' dir='ltr'>‘abir’</span> <span class='ocrx_word' id='word_1_8' title='bbox 684 333 894 393; x_wconf 82' lang='lat' dir='ltr'>‘Mediolani&#39;</span> <span class='ocrx_word' id='word_1_9' title='bbox 945 336 1025 395; x_wconf 83' lang='lat' dir='ltr'>‘Cur</span> <span class='ocrx_word' id='word_1_10' title='bbox 1052 355 1114 395; x_wconf 92' lang='lat' dir='ltr'>non</span> 
     </span>
     <span class='ocr_line' id='line_1_3' title="bbox 113 438 1190 520; baseline 0.005 -24"><span class='ocrx_word' id='word_1_11' title='bbox 113 438 210 498; x_wconf 82' lang='lat' dir='ltr'>hic?&#39;</span> <span class='ocrx_word' id='word_1_12' title='bbox 251 440 293 498; x_wconf 89' lang='lat' dir='ltr'>Et</span> <span class='ocrx_word' id='word_1_13' title='bbox 314 446 404 516; x_wconf 90' lang='lat' dir='ltr'>pater</span> <span class='ocrx_word' id='word_1_14' title='bbox 426 439 493 499; x_wconf 92' lang='lat' dir='ltr'>eius</span> <span class='ocrx_word' id='word_1_15' title='bbox 517 440 598 517; x_wconf 81' lang='lat' dir='ltr'>(erat</span> <span class='ocrx_word' id='word_1_16' title='bbox 621 440 704 498; x_wconf 89' lang='lat' dir='ltr'>enim</span> <span class='ocrx_word' id='word_1_17' title='bbox 727 459 789 498; x_wconf 89' lang='lat' dir='ltr'>una</span> <span class='ocrx_word' id='word_1_18' title='bbox 812 446 906 517; x_wconf 89' lang='lat' dir='ltr'>atque</span> <span class='ocrx_word' id='word_1_19' title='bbox 929 441 1023 500; x_wconf 89' lang='lat' dir='ltr'>etlam</span> <span class='ocrx_word' id='word_1_20' title='bbox 1047 441 1115 520; x_wconf 90' lang='lat' dir='ltr'>ipse</span> <span class='ocrx_word' id='word_1_21' title='bbox 1188 511 1190 515; x_wconf 14' lang='lat'><em>7</em></span> 
     </span>
     <span class='ocr_line' id='line_1_4' title="bbox 113 545 1116 624; baseline 0.002 -20"><span class='ocrx_word' id='word_1_22' title='bbox 113 545 287 605; x_wconf 79' lang='lat' dir='ltr'>adduxerat</span> <span class='ocrx_word' id='word_1_23' title='bbox 307 546 452 624; x_wconf 86' lang='lat' dir='ltr'>puerum)</span> <span class='ocrx_word' id='word_1_24' title='bbox 476 545 568 622; x_wconf 79' lang='lat' dir='ltr'>‘quia</span> <span class='ocrx_word' id='word_1_25' title='bbox 589 545 693 605; x_wconf 91' lang='lat' dir='ltr'>nullos</span> <span class='ocrx_word' id='word_1_26' title='bbox 715 545 767 603; x_wconf 91' lang='lat' dir='ltr'>hic</span> <span class='ocrx_word' id='word_1_27' title='bbox 788 551 1004 623; x_wconf 78' lang='lat' dir='ltr'>praeceptores</span> <span class='ocrx_word' id='word_1_28' title='bbox 1026 546 1116 606; x_wconf 88' lang='lat' dir='ltr'>habe-</span> 
     </span>
    </p>

    <p class='ocr_par' dir='ltr' id='par_1_3' title="bbox 76 650 1224 834">
     <span class='ocr_line' id='line_1_5' title="bbox 76 650 1141 729; baseline 0.006 -22"><span class='ocrx_word' id='word_1_29' title='bbox 76 664 91 707; x_wconf 79' lang='grc'>4</span> <span class='ocrx_word' id='word_1_30' title='bbox 113 651 201 710; x_wconf 65' lang='lat' dir='ltr'>mus!</span> <span class='ocrx_word' id='word_1_31' title='bbox 245 651 363 721; x_wconf 79' lang='lat' dir='ltr'>‘Quare</span> <span class='ocrx_word' id='word_1_32' title='bbox 384 650 517 710; x_wconf 83' lang='lat' dir='ltr'>nullos?</span> <span class='ocrx_word' id='word_1_33' title='bbox 532 670 603 710; x_wconf 91' lang='lat' dir='ltr'>nam</span> <span class='ocrx_word' id='word_1_34' title='bbox 620 651 820 713; x_wconf 85' lang='lat' dir='ltr'>vehementer</span> <span class='ocrx_word' id='word_1_35' title='bbox 835 651 986 711; x_wconf 82' lang='lat' dir='ltr'>intererat</span> <span class='ocrx_word' id='word_1_36' title='bbox 1001 652 1141 729; x_wconf 72' lang='lat' dir='ltr'>vestral</span> 
     </span>
     <span class='ocr_line' id='line_1_6' title="bbox 112 755 1224 834; baseline 0.003 -20"><span class='ocrx_word' id='word_1_37' title='bbox 112 755 167 832; x_wconf 93' lang='lat' dir='ltr'>qui</span> <span class='ocrx_word' id='word_1_38' title='bbox 195 762 300 833; x_wconf 85' lang='lat' dir='ltr'>patres</span> <span class='ocrx_word' id='word_1_39' title='bbox 324 756 421 831; x_wconf 88' lang='lat' dir='ltr'>estis,&#39;</span> <span class='ocrx_word' id='word_1_40' title='bbox 446 761 478 815; x_wconf 90' lang='lat' dir='ltr'>et</span> <span class='ocrx_word' id='word_1_41' title='bbox 501 763 674 834; x_wconf 87' lang='lat' dir='ltr'>opportune</span> <span class='ocrx_word' id='word_1_42' title='bbox 698 757 862 834; x_wconf 82' lang='lat' dir='ltr'>conplures</span> <span class='ocrx_word' id='word_1_43' title='bbox 888 762 992 834; x_wconf 88' lang='lat' dir='ltr'>patres</span> <span class='ocrx_word' id='word_1_44' title='bbox 1014 759 1149 817; x_wconf 79' lang='lat' dir='ltr'>audie-5</span> <span class='ocrx_word' id='word_1_45' title='bbox 1221 792 1224 796; x_wconf 93' lang='lat'>·</span> 
     </span>
    </p>

    <p class='ocr_par' dir='ltr' id='par_1_4' title="bbox 79 861 1114 1151">
     <span class='ocr_line' id='line_1_7' title="bbox 79 861 1114 943; baseline 0.005 -26"><span class='ocrx_word' id='word_1_46' title='bbox 79 861 197 936; x_wconf 72' lang='lat' dir='ltr'>abant,</span> <span class='ocrx_word' id='word_1_47' title='bbox 214 861 345 921; x_wconf 86' lang='lat' dir='ltr'>‘liberos</span> <span class='ocrx_word' id='word_1_48' title='bbox 360 867 482 943; x_wconf 87' lang='lat' dir='ltr'>vestros</span> <span class='ocrx_word' id='word_1_49' title='bbox 500 862 551 920; x_wconf 90' lang='lat' dir='ltr'>hic</span> <span class='ocrx_word' id='word_1_50' title='bbox 566 861 765 939; x_wconf 85' lang='lat' dir='ltr'>potissimum</span> <span class='ocrx_word' id='word_1_51' title='bbox 780 862 907 921; x_wconf 81' lang='lat' dir='ltr'>discere.</span> <span class='ocrx_word' id='word_1_52' title='bbox 952 863 1016 923; x_wconf 89' lang='lat' dir='ltr'>Ubi</span> <span class='ocrx_word' id='word_1_53' title='bbox 1031 864 1114 922; x_wconf 89' lang='lat' dir='ltr'>enim</span> 
     </span>
     <span class='ocr_line' id='line_1_8' title="bbox 87 948 1114 1044; baseline 0.004 -20"><span class='ocrx_word' id='word_1_54' title='bbox 87 973 167 1025; x_wconf 73' lang='lat' dir='ltr'>¹aut</span> <span class='ocrx_word' id='word_1_55' title='bbox 189 951 355 1026; x_wconf 89' lang='lat' dir='ltr'>iucundius</span> <span class='ocrx_word' id='word_1_56' title='bbox 379 971 573 1026; x_wconf 89' lang='lat' dir='ltr'>morarentur</span> <span class='ocrx_word' id='word_1_57' title='bbox 596 986 689 1044; x_wconf 90' lang='lat' dir='ltr'>quam</span> <span class='ocrx_word' id='word_1_58' title='bbox 712 967 745 1025; x_wconf 93' lang='lat' dir='ltr'>in</span> <span class='ocrx_word' id='word_1_59' title='bbox 768 948 872 1044; x_wconf 84' lang='lat' dir='ltr'>patria</span> <span class='ocrx_word' id='word_1_60' title='bbox 893 952 948 1026; x_wconf 84' lang='lat' dir='ltr'>aut</span> <span class='ocrx_word' id='word_1_61' title='bbox 970 968 1114 1044; x_wconf 91' lang='lat' dir='ltr'>pudicius</span> 
     </span>
     <span class='ocr_line' id='line_1_9' title="bbox 111 1066 1114 1151; baseline 0.003 -20"><span class='ocrx_word' id='word_1_62' title='bbox 111 1066 344 1132; x_wconf 85' lang='lat' dir='ltr'>continerentur</span> <span class='ocrx_word' id='word_1_63' title='bbox 379 1091 474 1151; x_wconf 89' lang='lat' dir='ltr'>quam</span> <span class='ocrx_word' id='word_1_64' title='bbox 502 1073 560 1132; x_wconf 92' lang='lat' dir='ltr'>sub</span> <span class='ocrx_word' id='word_1_65' title='bbox 587 1072 684 1132; x_wconf 92' lang='lat' dir='ltr'>oculis</span> <span class='ocrx_word' id='word_1_66' title='bbox 720 1078 885 1149; x_wconf 88' lang='lat' dir='ltr'>parentum</span> <span class='ocrx_word' id='word_1_67' title='bbox 914 1079 968 1132; x_wconf 89' lang='lat' dir='ltr'>aut</span> <span class='ocrx_word' id='word_1_68' title='bbox 995 1075 1114 1135; x_wconf 89' lang='lat' dir='ltr'>minore</span> 
     </span>
    </p>

    <p class='ocr_par' dir='ltr' id='par_1_5' title="bbox 75 1177 1213 1782">
     <span class='ocr_line' id='line_1_10' title="bbox 75 1177 1114 1261; baseline 0.002 -25"><span class='ocrx_word' id='word_1_69' title='bbox 75 1183 240 1256; x_wconf 75' lang='lat' dir='ltr'>asumptu</span> <span class='ocrx_word' id='word_1_70' title='bbox 260 1196 355 1261; x_wconf 78' lang='lat' dir='ltr'>quarn</span> <span class='ocrx_word' id='word_1_71' title='bbox 376 1178 486 1248; x_wconf 78' lang='lat' dir='ltr'>domi?</span> <span class='ocrx_word' id='word_1_72' title='bbox 527 1177 720 1249; x_wconf 80' lang='lat' dir='ltr'>Quantulum</span> <span class='ocrx_word' id='word_1_73' title='bbox 749 1184 798 1237; x_wconf 87' lang='lat' dir='ltr'>est</span> <span class='ocrx_word' id='word_1_74' title='bbox 816 1181 894 1253; x_wconf 81' lang='lat' dir='ltr'>&#39;ergo</span> <span class='ocrx_word' id='word_1_75' title='bbox 922 1179 1037 1238; x_wconf 90' lang='lat' dir='ltr'>collata</span> <span class='ocrx_word' id='word_1_76' title='bbox 1064 1199 1114 1256; x_wconf 80' lang='lat' dir='ltr'>pe</span> 
     </span>
     <span class='ocr_line' id='line_1_11' title="bbox 110 1282 1162 1361; baseline 0.005 -20"><span class='ocrx_word' id='word_1_77' title='bbox 110 1282 203 1342; x_wconf 88' lang='lat' dir='ltr'>cunia</span> <span class='ocrx_word' id='word_1_78' title='bbox 224 1283 395 1343; x_wconf 84' lang='lat' dir='ltr'>conducere</span> <span class='ocrx_word' id='word_1_79' title='bbox 418 1289 643 1361; x_wconf 83' lang='lat' dir='ltr'>praeceptores,</span> <span class='ocrx_word' id='word_1_80' title='bbox 667 1283 813 1360; x_wconf 92' lang='lat' dir='ltr'>quodque</span> <span class='ocrx_word' id='word_1_81' title='bbox 834 1302 916 1342; x_wconf 90' lang='lat' dir='ltr'>nunc</span> <span class='ocrx_word' id='word_1_82' title='bbox 940 1284 973 1342; x_wconf 92' lang='lat' dir='ltr'>in</span> <span class='ocrx_word' id='word_1_83' title='bbox 995 1284 1112 1345; x_wconf 78' lang='lat' dir='ltr'>habita</span> <span class='ocrx_word' id='word_1_84' title='bbox 1134 1301 1162 1347; x_wconf 88' lang='lat'>10</span> 
     </span>
     <span class='ocr_line' id='line_1_12' title="bbox 110 1387 1114 1466; baseline 0.003 -20"><span class='ocrx_word' id='word_1_85' title='bbox 110 1387 220 1463; x_wconf 78' lang='lat' dir='ltr'>tioneS,</span> <span class='ocrx_word' id='word_1_86' title='bbox 243 1388 277 1447; x_wconf 86' lang='lat' dir='ltr'>ln</span> <span class='ocrx_word' id='word_1_87' title='bbox 297 1388 422 1463; x_wconf 85' lang='lat' dir='ltr'>viatica,</span> <span class='ocrx_word' id='word_1_88' title='bbox 445 1389 479 1447; x_wconf 95' lang='lat' dir='ltr'>in</span> <span class='ocrx_word' id='word_1_89' title='bbox 500 1408 536 1447; x_wconf 89' lang='lat' dir='ltr'>ea</span> <span class='ocrx_word' id='word_1_90' title='bbox 563 1407 642 1466; x_wconf 90' lang='lat' dir='ltr'>quae</span> <span class='ocrx_word' id='word_1_91' title='bbox 671 1407 799 1465; x_wconf 82' lang='lat' dir='ltr'>peregre</span> <span class='ocrx_word' id='word_1_92' title='bbox 827 1394 973 1447; x_wconf 89' lang='lat' dir='ltr'>emuntur</span> <span class='ocrx_word' id='word_1_93' title='bbox 996 1389 1114 1466; x_wconf 87' lang='lat' dir='ltr'>(omnia</span> 
     </span>
     <span class='ocr_line' id='line_1_13' title="bbox 111 1493 1111 1576; baseline 0.002 -23"><span class='ocrx_word' id='word_1_94' title='bbox 111 1498 215 1553; x_wconf 81' lang='lat' dir='ltr'>autern</span> <span class='ocrx_word' id='word_1_95' title='bbox 236 1512 365 1571; x_wconf 89' lang='lat' dir='ltr'>peregre</span> <span class='ocrx_word' id='word_1_96' title='bbox 380 1495 538 1576; x_wconf 86' lang='lat' dir='ltr'>emuntur)</span> <span class='ocrx_word' id='word_1_97' title='bbox 556 1493 729 1571; x_wconf 77' lang='lat' dir='ltr'>impenditis</span> <span class='ocrx_word' id='word_1_98' title='bbox 751 1493 874 1553; x_wconf 87' lang='lat' dir='ltr'>adicere</span> <span class='ocrx_word' id='word_1_99' title='bbox 890 1495 1111 1555; x_wconf 88' lang='lat' dir='ltr'>mercedibus?</span> 
     </span>
     <span class='ocr_line' id='line_1_14' title="bbox 110 1599 1213 1677; baseline 0.001 -19"><span class='ocrx_word' id='word_1_100' title='bbox 110 1599 217 1676; x_wconf 89' lang='lat' dir='ltr'>Atque</span> <span class='ocrx_word' id='word_1_101' title='bbox 231 1600 309 1658; x_wconf 89' lang='lat' dir='ltr'>adeo</span> <span class='ocrx_word' id='word_1_102' title='bbox 324 1618 389 1675; x_wconf 89' lang='lat' dir='ltr'>ego,</span> <span class='ocrx_word' id='word_1_103' title='bbox 405 1600 460 1677; x_wconf 92' lang='lat' dir='ltr'>qui</span> <span class='ocrx_word' id='word_1_104' title='bbox 474 1600 613 1658; x_wconf 91' lang='lat' dir='ltr'>nondum</span> <span class='ocrx_word' id='word_1_105' title='bbox 634 1599 748 1675; x_wconf 88' lang='lat' dir='ltr'>liberos</span> <span class='ocrx_word' id='word_1_106' title='bbox 770 1599 878 1673; x_wconf 87' lang='lat' dir='ltr'>habeo,</span> <span class='ocrx_word' id='word_1_107' title='bbox 894 1606 1021 1677; x_wconf 88' lang='lat' dir='ltr'>paratus</span> <span class='ocrx_word' id='word_1_108' title='bbox 1044 1621 1112 1660; x_wconf 90' lang='lat' dir='ltr'>sum</span> <span class='ocrx_word' id='word_1_109' title='bbox 1211 1664 1213 1668; x_wconf 62' lang='grc'><strong>,</strong></span> 
     </span>
     <span class='ocr_line' id='line_1_15' title="bbox 109 1703 1113 1782; baseline 0.002 -20"><span class='ocrx_word' id='word_1_110' title='bbox 109 1722 213 1782; x_wconf 86' lang='lat' dir='ltr'>prore</span> <span class='ocrx_word' id='word_1_111' title='bbox 228 1704 354 1781; x_wconf 90' lang='lat' dir='ltr'>publica</span> <span class='ocrx_word' id='word_1_112' title='bbox 368 1710 482 1778; x_wconf 86' lang='lat' dir='ltr'>nostra,</span> <span class='ocrx_word' id='word_1_113' title='bbox 498 1704 588 1782; x_wconf 88' lang='lat' dir='ltr'>quasi</span> <span class='ocrx_word' id='word_1_114' title='bbox 610 1723 665 1781; x_wconf 86' lang='lat' dir='ltr'>pro</span> <span class='ocrx_word' id='word_1_115' title='bbox 680 1703 747 1762; x_wconf 88' lang='lat' dir='ltr'>filia</span> <span class='ocrx_word' id='word_1_116' title='bbox 760 1703 811 1762; x_wconf 90' lang='lat' dir='ltr'>vel</span> <span class='ocrx_word' id='word_1_117' title='bbox 832 1710 971 1782; x_wconf 87' lang='lat' dir='ltr'>parente,</span> <span class='ocrx_word' id='word_1_118' title='bbox 987 1705 1113 1764; x_wconf 86' lang='lat' dir='ltr'>tertiam</span> 
     </span>
    </p>

    <p class='ocr_par' dir='ltr' id='par_1_6' title="bbox 73 1809 1161 2098">
     <span class='ocr_line' id='line_1_16' title="bbox 73 1809 1161 1887; baseline 0.007 -21"><span class='ocrx_word' id='word_1_119' title='bbox 73 1821 89 1866; x_wconf 88' lang='lat'>6</span> <span class='ocrx_word' id='word_1_120' title='bbox 109 1815 230 1887; x_wconf 89' lang='lat' dir='ltr'>partem</span> <span class='ocrx_word' id='word_1_121' title='bbox 252 1809 319 1869; x_wconf 90' lang='lat' dir='ltr'>eius</span> <span class='ocrx_word' id='word_1_122' title='bbox 342 1810 425 1887; x_wconf 92' lang='lat' dir='ltr'>quod</span> <span class='ocrx_word' id='word_1_123' title='bbox 448 1809 692 1885; x_wconf 76' lang='lat' dir='ltr'>conferrerobis</span> <span class='ocrx_word' id='word_1_124' title='bbox 715 1809 851 1887; x_wconf 82' lang='lat' dir='ltr'>placebit</span> <span class='ocrx_word' id='word_1_125' title='bbox 873 1810 954 1869; x_wconf 90' lang='lat' dir='ltr'>dare.</span> <span class='ocrx_word' id='word_1_126' title='bbox 998 1813 1112 1870; x_wconf 86' lang='lat' dir='ltr'>Totum</span> <span class='ocrx_word' id='word_1_127' title='bbox 1133 1829 1161 1874; x_wconf 82' lang='lat'>15</span> 
     </span>
     <span class='ocr_line' id='line_1_17' title="bbox 109 1914 1113 1992; baseline 0 -18"><span class='ocrx_word' id='word_1_128' title='bbox 109 1915 205 1974; x_wconf 90' lang='lat' dir='ltr'>etiam</span> <span class='ocrx_word' id='word_1_129' title='bbox 239 1915 412 1992; x_wconf 87' lang='lat' dir='ltr'>pollicerer,</span> <span class='ocrx_word' id='word_1_130' title='bbox 430 1914 504 1974; x_wconf 66' lang='lat' dir='ltr'>‘nisi</span> <span class='ocrx_word' id='word_1_131' title='bbox 538 1915 682 1974; x_wconf 90' lang='lat' dir='ltr'>timerem</span> <span class='ocrx_word' id='word_1_132' title='bbox 709 1933 748 1973; x_wconf 91' lang='lat' dir='ltr'>ne</span> <span class='ocrx_word' id='word_1_133' title='bbox 776 1914 834 1974; x_wconf 90' lang='lat' dir='ltr'>hoc</span> <span class='ocrx_word' id='word_1_134' title='bbox 869 1934 981 1975; x_wconf 89' lang='lat' dir='ltr'>munus</span> <span class='ocrx_word' id='word_1_135' title='bbox 1009 1935 1113 1975; x_wconf 89' lang='lat' dir='ltr'>meum</span> 
     </span>
     <span class='ocr_line' id='line_1_18' title="bbox 110 2019 1112 2098; baseline 0.001 -19"><span class='ocrx_word' id='word_1_136' title='bbox 110 2022 296 2098; x_wconf 90' lang='lat' dir='ltr'>quandoque</span> <span class='ocrx_word' id='word_1_137' title='bbox 318 2021 439 2081; x_wconf 89' lang='lat' dir='ltr'>ambitu</span> <span class='ocrx_word' id='word_1_138' title='bbox 460 2025 718 2097; x_wconf 87' lang='lat' dir='ltr'>corrumperetur,</span> <span class='ocrx_word' id='word_1_139' title='bbox 733 2025 770 2079; x_wconf 90' lang='lat' dir='ltr'>ut</span> <span class='ocrx_word' id='word_1_140' title='bbox 787 2019 927 2079; x_wconf 87' lang='lat' dir='ltr'>accidere</span> <span class='ocrx_word' id='word_1_141' title='bbox 948 2021 1057 2081; x_wconf 86' lang='lat' dir='ltr'>multis</span> <span class='ocrx_word' id='word_1_142' title='bbox 1079 2022 1112 2080; x_wconf 90' lang='lat' dir='ltr'>in</span> 
     </span>
    </p>

    <p class='ocr_par' dir='ltr' id='par_1_7' title="bbox 73 2124 1162 2415">
     <span class='ocr_line' id='line_1_19' title="bbox 73 2124 1110 2203; baseline -0.002 -15"><span class='ocrx_word' id='word_1_143' title='bbox 73 2140 88 2188; x_wconf 81' lang='lat'>&#39;1</span> <span class='ocrx_word' id='word_1_144' title='bbox 109 2126 186 2186; x_wconf 93' lang='lat' dir='ltr'>locis</span> <span class='ocrx_word' id='word_1_145' title='bbox 202 2126 302 2201; x_wconf 84' lang='lat' dir='ltr'>viden,</span> <span class='ocrx_word' id='word_1_146' title='bbox 319 2126 352 2184; x_wconf 89' lang='lat' dir='ltr'>in</span> <span class='ocrx_word' id='word_1_147' title='bbox 374 2126 488 2203; x_wconf 87' lang='lat' dir='ltr'>quibus</span> <span class='ocrx_word' id='word_1_148' title='bbox 503 2131 720 2203; x_wconf 83' lang='lat' dir='ltr'>praeceptores</span> <span class='ocrx_word' id='word_1_149' title='bbox 742 2124 865 2202; x_wconf 88' lang='lat' dir='ltr'>publice</span> <span class='ocrx_word' id='word_1_150' title='bbox 887 2127 1110 2186; x_wconf 89' lang='lat' dir='ltr'>conducuntur.</span> 
     </span>
     <span class='ocr_line' id='line_1_20' title="bbox 109 2212 1118 2308; baseline 0.003 -17"><span class='ocrx_word' id='word_1_151' title='bbox 109 2232 196 2291; x_wconf 91' lang='lat' dir='ltr'>Huic</span> <span class='ocrx_word' id='word_1_152' title='bbox 211 2232 289 2291; x_wconf 89' lang='lat' dir='ltr'>vitio</span> <span class='ocrx_word' id='word_1_153' title='bbox 303 2232 423 2292; x_wconf 87' lang='lat' dir='ltr'>occurri</span> <span class='ocrx_word' id='word_1_154' title='bbox 438 2251 500 2291; x_wconf 90' lang='lat' dir='ltr'>uno</span> <span class='ocrx_word' id='word_1_155' title='bbox 515 2231 651 2291; x_wconf 91' lang='lat' dir='ltr'>remedio</span> <span class='ocrx_word' id='word_1_156' title='bbox 665 2236 779 2308; x_wconf 91' lang='lat' dir='ltr'>potest,</span> <span class='ocrx_word' id='word_1_157' title='bbox 796 2231 822 2291; x_wconf 93' lang='lat' dir='ltr'>si</span> <span class='ocrx_word' id='word_1_158' title='bbox 838 2232 1020 2308; x_wconf 88' lang='lat' dir='ltr'>parentibus</span> <span class='ocrx_word' id='word_1_159' title='bbox 1036 2212 1118 2294; x_wconf 77' lang='lat' dir='ltr'>solis</span> 
     </span>
     <span class='ocr_line' id='line_1_21' title="bbox 109 2336 1162 2415; baseline 0.001 -18"><span class='ocrx_word' id='word_1_160' title='bbox 109 2338 158 2397; x_wconf 90' lang='lat' dir='ltr'>ius</span> <span class='ocrx_word' id='word_1_161' title='bbox 180 2337 373 2397; x_wconf 89' lang='lat' dir='ltr'>conducendi</span> <span class='ocrx_word' id='word_1_162' title='bbox 395 2338 591 2415; x_wconf 89' lang='lat' dir='ltr'>relinquatur</span> <span class='ocrx_word' id='word_1_163' title='bbox 616 2337 778 2414; x_wconf 87' lang='lat' dir='ltr'>isdemque</span> <span class='ocrx_word' id='word_1_164' title='bbox 799 2336 909 2412; x_wconf 87' lang='lat' dir='ltr'>religio</span> <span class='ocrx_word' id='word_1_165' title='bbox 930 2343 1012 2396; x_wconf 89' lang='lat' dir='ltr'>recte</span> <span class='ocrx_word' id='word_1_166' title='bbox 1034 2337 1113 2397; x_wconf 90' lang='lat' dir='ltr'>iudi·</span> <span class='ocrx_word' id='word_1_167' title='bbox 1132 2354 1162 2399; x_wconf 81' lang='lat' dir='ltr'>ao</span> 
     </span>
    </p>

    <p class='ocr_par' dir='ltr' id='par_1_8' title="bbox 73 2429 1147 2733">
     <span class='ocr_line' id='line_1_22' title="bbox 73 2429 1112 2520; baseline 0 -18"><span class='ocrx_word' id='word_1_168' title='bbox 73 2456 89 2501; x_wconf 85' lang='lat'><strong>8</strong></span> <span class='ocrx_word' id='word_1_169' title='bbox 110 2443 202 2502; x_wconf 90' lang='lat' dir='ltr'>candi</span> <span class='ocrx_word' id='word_1_170' title='bbox 216 2429 403 2503; x_wconf 87' lang='lat' dir='ltr'>necessitate</span> <span class='ocrx_word' id='word_1_171' title='bbox 423 2442 601 2502; x_wconf 90' lang='lat' dir='ltr'>collationis</span> <span class='ocrx_word' id='word_1_172' title='bbox 623 2442 764 2500; x_wconf 88' lang='lat' dir='ltr'>addatur.</span> <span class='ocrx_word' id='word_1_173' title='bbox 806 2443 888 2502; x_wconf 88' lang='lat' dir='ltr'>Nam</span> <span class='ocrx_word' id='word_1_174' title='bbox 910 2443 964 2520; x_wconf 90' lang='lat' dir='ltr'>qui</span> <span class='ocrx_word' id='word_1_175' title='bbox 978 2443 1112 2504; x_wconf 83' lang='lat' dir='ltr'>fortasse</span> 
     </span>
     <span class='ocr_line' id='line_1_23' title="bbox 109 2548 1114 2624; baseline -0.001 -16"><span class='ocrx_word' id='word_1_176' title='bbox 109 2549 148 2608; x_wconf 91' lang='lat' dir='ltr'>de</span> <span class='ocrx_word' id='word_1_177' title='bbox 160 2548 261 2608; x_wconf 89' lang='lat' dir='ltr'>alieno</span> <span class='ocrx_word' id='word_1_178' title='bbox 273 2548 481 2624; x_wconf 85' lang='lat' dir='ltr'>neglegentes,</span> <span class='ocrx_word' id='word_1_179' title='bbox 492 2554 575 2607; x_wconf 91' lang='lat' dir='ltr'>certe</span> <span class='ocrx_word' id='word_1_180' title='bbox 587 2548 625 2606; x_wconf 91' lang='lat' dir='ltr'>de</span> <span class='ocrx_word' id='word_1_181' title='bbox 638 2567 693 2607; x_wconf 89' lang='lat' dir='ltr'>suo</span> <span class='ocrx_word' id='word_1_182' title='bbox 702 2548 869 2622; x_wconf 84' lang='lat' dir='ltr'>diligentes</span> <span class='ocrx_word' id='word_1_183' title='bbox 881 2554 973 2607; x_wconf 90' lang='lat' dir='ltr'>erunt</span> <span class='ocrx_word' id='word_1_184' title='bbox 984 2549 1114 2609; x_wconf 85' lang='lat' dir='ltr'>dabunt</span> 
     </span>
     <span class='ocr_line' id='line_1_24' title="bbox 110 2644 1147 2733; baseline 0.001 -20"><span class='ocrx_word' id='word_1_185' title='bbox 110 2672 170 2731; x_wconf 91' lang='lat' dir='ltr'>que</span> <span class='ocrx_word' id='word_1_186' title='bbox 184 2673 311 2731; x_wconf 89' lang='lat' dir='ltr'>operam</span> <span class='ocrx_word' id='word_1_187' title='bbox 325 2673 364 2713; x_wconf 90' lang='lat' dir='ltr'>ne</span> <span class='ocrx_word' id='word_1_188' title='bbox 379 2673 398 2713; x_wconf 90' lang='lat' dir='ltr'>a</span> <span class='ocrx_word' id='word_1_189' title='bbox 411 2673 461 2712; x_wconf 90' lang='lat' dir='ltr'>me</span> <span class='ocrx_word' id='word_1_190' title='bbox 475 2653 639 2731; x_wconf 71' lang='lat' dir='ltr'>pecuniam</span> <span class='ocrx_word' id='word_1_191' title='bbox 662 2673 725 2711; x_wconf 92' lang='lat' dir='ltr'>non</span> <span class='ocrx_word' id='word_1_192' title='bbox 747 2652 809 2712; x_wconf 93' lang='lat' dir='ltr'>nisi</span> <span class='ocrx_word' id='word_1_193' title='bbox 833 2644 946 2728; x_wconf 87' lang='lat' dir='ltr'>dignus</span> <span class='ocrx_word' id='word_1_194' title='bbox 969 2654 1111 2733; x_wconf 84' lang='lat' dir='ltr'>accipiat,</span> <span class='ocrx_word' id='word_1_195' title='bbox 1146 2689 1147 2692; x_wconf 61' lang='lat'><em>=</em></span> 
     </span>
    </p>

    <p class='ocr_par' dir='ltr' id='par_1_9' title="bbox 74 2758 1173 3691">
     <span class='ocr_line' id='line_1_25' title="bbox 74 2758 1114 2836; baseline 0.003 -20"><span class='ocrx_word' id='word_1_196' title='bbox 74 2772 90 2816; x_wconf 83' lang='lat'><strong>9</strong></span> <span class='ocrx_word' id='word_1_197' title='bbox 111 2759 138 2819; x_wconf 92' lang='lat' dir='ltr'>si</span> <span class='ocrx_word' id='word_1_198' title='bbox 159 2764 343 2836; x_wconf 89' lang='lat' dir='ltr'>accepturus</span> <span class='ocrx_word' id='word_1_199' title='bbox 364 2764 396 2817; x_wconf 85' lang='lat' dir='ltr'>et</span> <span class='ocrx_word' id='word_1_200' title='bbox 417 2759 456 2819; x_wconf 97' lang='lat' dir='ltr'>ab</span> <span class='ocrx_word' id='word_1_201' title='bbox 474 2759 552 2835; x_wconf 91' lang='lat' dir='ltr'>ipsis</span> <span class='ocrx_word' id='word_1_202' title='bbox 574 2758 659 2817; x_wconf 85' lang='lat' dir='ltr'>erit·</span> <span class='ocrx_word' id='word_1_203' title='bbox 684 2758 822 2817; x_wconf 81' lang='lat' dir='ltr'>Proinde</span> <span class='ocrx_word' id='word_1_204' title='bbox 845 2760 1029 2831; x_wconf 89' lang='lat' dir='ltr'>consentite,</span> <span class='ocrx_word' id='word_1_205' title='bbox 1045 2779 1114 2819; x_wconf 90' lang='lat' dir='ltr'>con-</span> 
     </span>
     <span class='ocr_line' id='line_1_26' title="bbox 111 2864 1161 2943; baseline 0.001 -19"><span class='ocrx_word' id='word_1_206' title='bbox 111 2865 227 2942; x_wconf 87' lang='lat' dir='ltr'>spirate</span> <span class='ocrx_word' id='word_1_207' title='bbox 250 2864 460 2940; x_wconf 89' lang='lat' dir='ltr'>maioremque</span> <span class='ocrx_word' id='word_1_208' title='bbox 483 2865 623 2923; x_wconf 91' lang='lat' dir='ltr'>animum</span> <span class='ocrx_word' id='word_1_209' title='bbox 646 2884 685 2924; x_wconf 85' lang='lat' dir='ltr'>ex</span> <span class='ocrx_word' id='word_1_210' title='bbox 708 2885 776 2924; x_wconf 91' lang='lat' dir='ltr'>meo</span> <span class='ocrx_word' id='word_1_211' title='bbox 799 2865 922 2940; x_wconf 89' lang='lat' dir='ltr'>sumite,</span> <span class='ocrx_word' id='word_1_212' title='bbox 945 2865 999 2942; x_wconf 91' lang='lat' dir='ltr'>qui</span> <span class='ocrx_word' id='word_1_213' title='bbox 1022 2866 1113 2943; x_wconf 91' lang='lat' dir='ltr'>cupio</span> <span class='ocrx_word' id='word_1_214' title='bbox 1133 2865 1161 2909; x_wconf 81' lang='lat'>25</span> 
     </span>
     <span class='ocr_line' id='line_1_27' title="bbox 110 2949 1153 3046; baseline 0.001 -17"><span class='ocrx_word' id='word_1_215' title='bbox 110 2989 178 3030; x_wconf 89' lang='lat' dir='ltr'>esse</span> <span class='ocrx_word' id='word_1_216' title='bbox 200 2989 294 3046; x_wconf 88' lang='lat' dir='ltr'>quarn</span> <span class='ocrx_word' id='word_1_217' title='bbox 314 2969 486 3046; x_wconf 90' lang='lat' dir='ltr'>plurimum</span> <span class='ocrx_word' id='word_1_218' title='bbox 507 2970 590 3046; x_wconf 91' lang='lat' dir='ltr'>quod</span> <span class='ocrx_word' id='word_1_219' title='bbox 612 2971 740 3029; x_wconf 89' lang='lat' dir='ltr'>debeam</span> <span class='ocrx_word' id='word_1_220' title='bbox 755 2972 905 3029; x_wconf 85' lang='lat' dir='ltr'>conferre.</span> <span class='ocrx_word' id='word_1_221' title='bbox 948 2970 1040 3028; x_wconf 88' lang='lat' dir='ltr'>Nihil</span> <span class='ocrx_word' id='word_1_222' title='bbox 1062 2971 1114 3030; x_wconf 91' lang='lat' dir='ltr'>ho·</span> <span class='ocrx_word' id='word_1_223' title='bbox 1146 2949 1153 2956; x_wconf 41' lang='lat'>⁸</span> 
     </span>
     <span class='ocr_line' id='line_1_28' title="bbox 110 3074 1112 3153; baseline 0.003 -20"><span class='ocrx_word' id='word_1_224' title='bbox 110 3075 231 3135; x_wconf 90' lang='lat' dir='ltr'>nestius</span> <span class='ocrx_word' id='word_1_225' title='bbox 259 3080 418 3152; x_wconf 85' lang='lat' dir='ltr'>praestare</span> <span class='ocrx_word' id='word_1_226' title='bbox 447 3074 555 3134; x_wconf 90' lang='lat' dir='ltr'>liberis</span> <span class='ocrx_word' id='word_1_227' title='bbox 573 3074 705 3150; x_wconf 80' lang='lat' dir='ltr'>¹restris,</span> <span class='ocrx_word' id='word_1_228' title='bbox 734 3074 815 3133; x_wconf 92' lang='lat' dir='ltr'>nihil</span> <span class='ocrx_word' id='word_1_229' title='bbox 844 3075 962 3150; x_wconf 86' lang='lat' dir='ltr'>gratius</span> <span class='ocrx_word' id='word_1_230' title='bbox 991 3075 1112 3153; x_wconf 88' lang='lat' dir='ltr'>patriae</span> 
     </span>
     <span class='ocr_line' id='line_1_29' title="bbox 110 3180 1112 3258; baseline 0.001 -19"><span class='ocrx_word' id='word_1_231' title='bbox 110 3180 251 3257; x_wconf 89' lang='lat' dir='ltr'>potestis.</span> <span class='ocrx_word' id='word_1_232' title='bbox 298 3180 476 3239; x_wconf 82' lang='lat' dir='ltr'>Educentur</span> <span class='ocrx_word' id='word_1_233' title='bbox 503 3180 554 3239; x_wconf 91' lang='lat' dir='ltr'>hic</span> <span class='ocrx_word' id='word_1_234' title='bbox 583 3180 636 3256; x_wconf 90' lang='lat' dir='ltr'>qui</span> <span class='ocrx_word' id='word_1_235' title='bbox 664 3181 715 3239; x_wconf 90' lang='lat' dir='ltr'>hic</span> <span class='ocrx_word' id='word_1_236' title='bbox 743 3185 915 3239; x_wconf 86' lang='lat' dir='ltr'>nascuntur</span> <span class='ocrx_word' id='word_1_237' title='bbox 943 3180 1112 3258; x_wconf 87' lang='lat' dir='ltr'>statimque</span> 
     </span>
     <span class='ocr_line' id='line_1_30' title="bbox 110 3283 1110 3362; baseline 0 -17"><span class='ocrx_word' id='word_1_238' title='bbox 110 3286 149 3345; x_wconf 90' lang='lat' dir='ltr'>ab</span> <span class='ocrx_word' id='word_1_239' title='bbox 164 3284 302 3344; x_wconf 85' lang='lat' dir='ltr'>infantia</span> <span class='ocrx_word' id='word_1_240' title='bbox 314 3284 419 3344; x_wconf 88' lang='lat' dir='ltr'>natale</span> <span class='ocrx_word' id='word_1_241' title='bbox 442 3283 543 3343; x_wconf 91' lang='lat' dir='ltr'>solum</span> <span class='ocrx_word' id='word_1_242' title='bbox 566 3303 669 3344; x_wconf 84' lang='lat' dir='ltr'>amare</span> <span class='ocrx_word' id='word_1_243' title='bbox 685 3285 884 3362; x_wconf 85' lang='lat' dir='ltr'>frequentare</span> <span class='ocrx_word' id='word_1_244' title='bbox 899 3292 1110 3345; x_wconf 88' lang='lat' dir='ltr'>consuescant.</span> 
     </span>
     <span class='ocr_line' id='line_1_31' title="bbox 110 3389 1161 3467; baseline 0.006 -19"><span class='ocrx_word' id='word_1_245' title='bbox 110 3391 217 3467; x_wconf 90' lang='lat' dir='ltr'>Atque</span> <span class='ocrx_word' id='word_1_246' title='bbox 239 3389 360 3449; x_wconf 91' lang='lat' dir='ltr'>utinam</span> <span class='ocrx_word' id='word_1_247' title='bbox 382 3394 448 3448; x_wconf 91' lang='lat' dir='ltr'>tam</span> <span class='ocrx_word' id='word_1_248' title='bbox 462 3389 561 3449; x_wconf 90' lang='lat' dir='ltr'>claros</span> <span class='ocrx_word' id='word_1_249' title='bbox 584 3395 800 3467; x_wconf 90' lang='lat' dir='ltr'>praeceptores</span> <span class='ocrx_word' id='word_1_250' title='bbox 824 3390 981 3450; x_wconf 88' lang='lat' dir='ltr'>inducatis</span> <span class='ocrx_word' id='word_1_251' title='bbox 996 3396 1032 3449; x_wconf 91' lang='lat' dir='ltr'>ut</span> <span class='ocrx_word' id='word_1_252' title='bbox 1046 3391 1112 3449; x_wconf 86' lang='lat' dir='ltr'>fini·</span> <span class='ocrx_word' id='word_1_253' title='bbox 1132 3408 1161 3454; x_wconf 78' lang='lat'>30</span> 
     </span>
     <span class='ocr_line' id='line_1_32' title="bbox 108 3493 1140 3577; baseline -0.011 -22"><span class='ocrx_word' id='word_1_254' title='bbox 108 3495 197 3555; x_wconf 90' lang='lat' dir='ltr'>timis</span> <span class='ocrx_word' id='word_1_255' title='bbox 225 3495 349 3572; x_wconf 89' lang='lat' dir='ltr'>oppidis</span> <span class='ocrx_word' id='word_1_256' title='bbox 377 3494 484 3556; x_wconf 88' lang='lat' dir='ltr'>studia</span> <span class='ocrx_word' id='word_1_257' title='bbox 512 3494 587 3557; x_wconf 88' lang='lat' dir='ltr'>hine</span> <span class='ocrx_word' id='word_1_258' title='bbox 614 3500 781 3577; x_wconf 86' lang='lat' dir='ltr'>petantur,</span> <span class='ocrx_word' id='word_1_259' title='bbox 799 3501 906 3574; x_wconf 79' lang='lat' dir='ltr'>utque</span> <span class='ocrx_word' id='word_1_260' title='bbox 924 3498 1016 3553; x_wconf 71' lang='lat' dir='ltr'>nune</span> <span class='ocrx_word' id='word_1_261' title='bbox 1027 3493 1140 3548; x_wconf 56' lang='lat' dir='ltr'>lusam</span> 
     </span>
     <span class='ocr_line' id='line_1_33' title="bbox 98 3597 1173 3691; baseline -0.003 -38"><span class='ocrx_word' id='word_1_262' title='bbox 98 3597 196 3655; x_wconf 76' lang='lat' dir='ltr'>Vestri</span> <span class='ocrx_word' id='word_1_263' title='bbox 214 3598 322 3691; x_wconf 81' lang='lat' dir='ltr'>aliena</span> <span class='ocrx_word' id='word_1_264' title='bbox 335 3599 372 3663; x_wconf 87' lang='lat' dir='ltr'>in</span> <span class='ocrx_word' id='word_1_265' title='bbox 388 3601 470 3685; x_wconf 89' lang='lat' dir='ltr'>loca,</span> <span class='ocrx_word' id='word_1_266' title='bbox 485 3605 538 3670; x_wconf 88' lang='lat' dir='ltr'>ita</span> <span class='ocrx_word' id='word_1_267' title='bbox 552 3627 633 3671; x_wconf 80' lang='lat' dir='ltr'>mox</span> <span class='ocrx_word' id='word_1_268' title='bbox 655 3606 765 3671; x_wconf 84' lang='lat' dir='ltr'>alieni</span> <span class='ocrx_word' id='word_1_269' title='bbox 782 3607 824 3668; x_wconf 87' lang='lat' dir='ltr'>in</span> <span class='ocrx_word' id='word_1_270' title='bbox 841 3603 940 3664; x_wconf 79' lang='lat' dir='ltr'>bunc</span> <span class='ocrx_word' id='word_1_271' title='bbox 954 3598 1080 3656; x_wconf 67' lang='lat' dir='ltr'>mcum</span> <span class='ocrx_word' id='word_1_272' title='bbox 1095 3602 1173 3642; x_wconf 58' lang='lat' dir='ltr'>sm·-</span> 
     </span>
    </p>
   </div>
   <div class='ocr_carea' id='block_1_3' title="bbox 0 0 1260 3870">
    <p class='ocr_par' dir='ltr' id='par_1_10' title="bbox 0 0 1260 3870">
     <span class='ocr_line' id='line_1_34' title="bbox 0 0 1260 3870; baseline 0 0"><span class='ocrx_word' id='word_1_273' title='bbox 0 0 1260 3870; x_wconf 95' lang='lat' dir='ltr'> </span> 
     </span>
    </p>
   </div>
  </div>
 </body>
</html>
