2512 3870
137 151 177 212 30
563 162 594 211 c.
613 161 713 209 rmm

136 334 219 394 veris
235 334 366 411 gratiam
383 333 486 407 villae,
502 335 769 410 opportunitatem
784 333 853 408 loci,
869 334 971 394 litoris
988 335 1136 412 spatium.

136 442 251 499 Decem
273 446 305 499 et
326 446 456 516 septem,
469 439 596 498 milibus
618 458 765 516 passuum
788 439 825 497 ab
847 441 922 498 urbe
944 440 1082 515 secessit,
1100 446 1138 500 ut
1159 449 1192 519 2,

135 545 270 623 peractis
286 564 365 622 quae
380 546 500 619 agenda
516 544 635 603 fuerint
655 544 742 604 salvo
761 545 823 604 ianr
845 550 876 603 et
897 545 1069 622 composito
1084 546 1137 604 die

136 651 237 729 possis
255 651 299 710 ibi
317 668 450 709 manere.
493 650 610 708 Aditur
624 670 687 708 non
703 670 765 708 una
780 651 846 725 via;
869 670 939 709 narn
956 657 987 710 et
1002 653 1138 709 Lauren-

100 770 115 813 5
135 758 203 816 tina
222 763 254 815 et
273 755 428 816 Ostiensis
446 756 552 814 eodem
573 756 689 830 ferunt,
706 756 761 814 sed
778 751 971 815 Laurentina
989 776 1008 815 a
1024 763 1137 832 quarto

135 862 255 922 decimo
276 861 390 938 lapide,
414 860 568 965 Ostiensis
591 861 629 919 ab
654 861 818 919 undecimo
843 861 1048 938 relinquenda
1077 867 1159 935 est„

136 968 304 1044 Utrimque
320 967 437 1043 excipit
454 966 514 1024 iter
533 966 639 1049 aliqua
653 985 691 1043 ex
706 972 794 1043 parte
808 967 1003 1041 harenosum,
1019 967 1137 1026 iunctis

134 1073 228 1151 paulo
249 1073 375 1149 gravius
397 1079 429 1131 et
450 1060 582 1146 lougiuS,
605 1072 685 1148 equo
711 1073 803 1130 breve
828 1080 860 1131 et
884 1072 985 1131 molle.
1039 1073 1138 1132 Varia
1158 1083 1173 1127 3

133 1179 207 1237 hinc
231 1184 325 1254 atque
351 1178 423 1236 inde
444 1177 559 1236 facies:
588 1195 659 1235 nam
682 1178 772 1235 modo
794 1174 1026 1237 occurrentibus
1044 1177 1136 1237 silvis

86 1296 114 1340 10
135 1284 186 1343 via
200 1280 366 1358 coartatur,
382 1283 473 1341 modo
490 1282 655 1342 latissimis
671 1282 770 1359 pratis
787 1283 976 1341 diffunditur
990 1289 1021 1342 et
1035 1289 1138 1360 pates

134 1390 199 1464 cit;
242 1389 333 1447 multi
369 1406 476 1463 greges
513 1387 627 1462 ovium,
656 1387 756 1446 multa
786 1388 829 1447 ibi
858 1407 1006 1464 equorum
1041 1389 1136 1448 boum

134 1500 282 1568 armenta,
299 1512 379 1571 quae
400 1493 557 1553 montibus
577 1492 680 1551 hieme
702 1492 833 1569 depulsa
853 1492 957 1552 herbis
976 1499 1008 1552 et
1027 1499 1137 1570 tepore

133 1620 229 1659 verno
257 1599 423 1658 nitescrmt.
480 1597 566 1658 Villa
593 1598 702 1657 usibus
730 1617 837 1674 capax,
862 1617 924 1656 non
953 1604 1138 1675 sumptuosa

133 1707 241 1766 tutela.
293 1705 390 1766 Cuius
414 1704 447 1762 in
471 1705 572 1781 prima
597 1709 684 1780 parte
707 1703 820 1761 atrium
843 1704 928 1779 frugi
951 1723 1007 1762 nec
1028 1710 1136 1764 tamen
1158 1716 1174 1760 4

85 1824 113 1870 15
134 1812 304 1885 sordidum,
327 1809 439 1869 deinde
468 1798 607 1886 porticus
632 1808 665 1867 in
688 1809 717 1866 D
742 1808 866 1868 litterae
892 1809 1135 1869 similitudinem

133 1917 346 1990 circumactae,
363 1915 475 1993 quibus
497 1914 627 1991 parvola
648 1914 702 1973 sed
724 1913 841 1973 festiva
860 1933 931 1973 area
951 1915 1133 1975 includitur.

131 2021 301 2098 Egregium
319 2022 377 2080 hae
397 2021 546 2080 adversus
568 2025 771 2096 tempestates
791 2021 1036 2097 receptaculum:
1059 2040 1134 2080 nam

133 2127 346 2205 specularibus
361 2145 396 2185 ac
407 2125 507 2185 multo
522 2125 621 2201 magis
633 2125 869 2184 imminentibus
883 2125 975 2184 tectis
991 2126 1136 2185 muniun-

131 2238 191 2292 tur.
234 2233 293 2292 Est
304 2237 413 2291 contra
424 2230 542 2290 medias
555 2230 735 2289 cavaedium
751 2229 860 2304 hilare,
873 2250 944 2288 mox
958 2229 1135 2291 triclinium
1156 2246 1174 2291 t

82 2350 112 2396 ao
131 2338 209 2398 satis
221 2337 395 2415 pulchrum,
407 2337 490 2413 quod
502 2336 535 2393 in
546 2335 622 2394 litus
634 2335 779 2409 excurrit,
792 2354 827 2394 ac
842 2335 869 2395 si
884 2337 1008 2412 quando
1022 2337 1135 2398 Africo

131 2462 215 2503 mare
231 2443 390 2520 inpulsum
400 2447 457 2516 est,
467 2441 577 2501 fractis
590 2441 650 2499 iam
664 2446 695 2499 et
706 2441 885 2500 novissimis
897 2441 1043 2502 fluctibus
1059 2442 1136 2502 levi-

130 2556 179 2609 ter
193 2548 340 2609 adluitur.
385 2547 533 2623 Undique
547 2547 655 2606 valvas
671 2552 724 2605 aut
739 2546 894 2605 fenestras
914 2566 975 2605 non
997 2546 1134 2609 minores
1195 2568 1204 2589 r

129 2654 231 2715 valvis
242 2654 347 2728 habet,
357 2659 450 2729 atque
463 2653 508 2711 ita
520 2671 538 2711 a
548 2652 699 2712 lateribus
711 2671 729 2710 a
739 2652 843 2710 fronte
855 2652 944 2728 quasi
957 2653 1019 2712 tria
1033 2652 1136 2713 maria
1187 2658 1191 2663 ’

56 2759 60 2766 ’
130 2766 324 2839 prospectat,
347 2765 467 2834 atergo
478 2758 669 2831 cavaedium,
682 2757 844 2834 porticum,
855 2776 966 2831 aream,
977 2757 1134 2834 porticum

80 2880 109 2925 25
130 2886 246 2939 rursus,
262 2885 334 2924 mox
349 2864 473 2938 atrimn,
490 2863 586 2923 silvas
602 2869 633 2922 et
648 2862 834 2940 longinquos
852 2863 980 2939 respicit
999 2870 1132 2925 montes.

130 2972 235 3030 Huius
255 2991 273 3030 a
293 2971 384 3030 laeva
405 2969 571 3028 retractius
596 2968 690 3045 paulo
712 2968 888 3026 cubiculum
912 2974 961 3026 est
981 2968 1133 3046 amplum,
1156 2977 1174 3023 6

130 3078 242 3136 deinde
265 3077 350 3136 aliud
371 3076 484 3149 minus,
500 3075 584 3153 quod
601 3073 701 3133 altera
720 3074 860 3134 fenestra
879 3074 1021 3133 admittit
1035 3074 1136 3134 orien-

130 3189 201 3256 tem,
226 3183 416 3242 occidentem
444 3181 544 3240 altera
567 3179 690 3254 retinet,
713 3178 770 3238 hac
796 3185 827 3238 et
857 3179 1017 3238 subiacens
1047 3199 1135 3241 mare

129 3287 252 3364 longius
268 3288 393 3365 quidem
410 3288 464 3346 scd
480 3285 617 3345 securius
638 3285 786 3343 intuetur.
830 3285 935 3343 Huius
950 3285 1086 3344 cubiculi
1102 3292 1136 3347 et
1159 3300 1173 3347 7

80 3409 109 3454 30
129 3393 259 3452 triclinii
274 3393 361 3452 illius
382 3393 505 3451 obiectu
520 3391 693 3449 includitur
708 3390 849 3465 angulus,
860 3391 913 3466 qui
929 3389 1136 3467 purissimum

108 3497 210 3555 solem
224 3500 370 3559 eontinet
383 3505 416 3560 ct
429 3498 586 3560 accendit.
629 3498 702 3557 Hoc
709 3496 1028 3567 lribcrnaculnm,lmc
1037 3495 1139 3556 etiam

83 3604 302 3669 gymnasium
326 3627 481 3670 meorum
500 3614 569 3672 est:
593 3606 644 3670 ibi
661 3623 775 3668 omnes
793 3600 895 3661 silent
910 3598 1004 3656 uenti
1016 3598 1165 3670 exessus
