2512 3870
440 149 702 226 nrrsruniauu
726 177 776 227 111.
797 177 820 228 r.
1085 167 1128 229 43

40 338 44 346 ’
123 352 216 407 natus
232 345 418 449 inpetrabilis
434 345 550 421 clavus,
566 349 654 406 cuius
674 323 778 407 taedio
796 350 837 408 ad
857 355 989 408 mortem
1011 350 1129 408 inrevo-

124 451 218 511 cabili
239 452 417 512 odnstantia
439 454 624 527 decucurrit,
647 474 744 530 usque
773 454 813 513 ad
842 474 1021 531 supremum
1045 455 1128 514 diem

114 558 234 622 ⁴beatr'rs
259 563 291 618 et
302 559 404 633 ielis,
429 559 491 618 nisi
520 559 604 635 quod
632 559 783 618 minorem
811 579 850 618 ex
875 560 982 620 liberis
1008 561 1128 620 duobus

123 663 239 739 amisit,
255 664 310 724 sed
327 664 475 723 maiorem
495 665 716 741 melioremque
734 665 895 724 florentem
919 671 1013 743 atque
1033 666 1128 726 etiam

88 783 103 828 3
124 770 318 829 consularem
339 769 475 847 reliquit.
519 771 667 829 Laeserat
681 771 799 832 famam
818 781 905 830 suam
921 773 978 831 sub
993 773 1127 846 Nerone,
1149 785 1163 828 5

124 875 307 935 credebatur
329 881 439 953 sponte
461 894 636 951 accusasse,
664 876 719 935 sed
740 876 773 934 in
791 876 903 936 Vitelli
924 877 1063 936 amicitia
1085 896 1129 936 sa-

124 982 247 1058 pienter
272 1000 304 1041 se
328 987 359 1040 et
386 981 515 1040 comiter
544 989 690 1056 gesserat,
717 1001 754 1040 ex
783 982 1005 1061 proconsulatu
1034 983 1128 1042 Asiae

125 1087 256 1162 gloriam
277 1093 499 1165 reportaverat,
520 1088 673 1147 maculam
693 1088 806 1147 veteris
830 1088 1003 1148 industriae
1025 1089 1129 1148 lauda-

88 1193 182 1253 4bili
210 1192 275 1251 otio
303 1192 454 1252 abluerat.
499 1192 573 1251 Fuit
598 1193 680 1251 inter
708 1193 866 1271 principes
894 1194 1032 1253 civitatis
1061 1194 1128 1253 sine

125 1298 274 1375 potentia,
290 1297 357 1357 sine
372 1297 506 1356 invidia:
529 1297 733 1373 salutabatur,
749 1299 916 1373 colebatur,
933 1299 1128 1376 multumque
1150 1304 1178 1349 10

124 1403 158 1461 in
186 1403 302 1462 lectulo
326 1402 430 1462 iacens
457 1403 600 1462 cubiculo
625 1422 747 1481 semper
770 1420 832 1462 non
857 1423 896 1462 ex
920 1404 1049 1464 fortuna
1071 1405 1131 1463 fre-

125 1508 234 1585 quenti
258 1507 448 1568 doctissimis
478 1508 671 1568 sermonibus
700 1509 767 1568 dies
796 1510 990 1585 transigebat
1018 1527 1130 1568 cuma

89 1635 104 1680 5
126 1614 289 1674 scribendo
303 1618 435 1673 vacaret.
479 1613 642 1673 Scribebat
655 1615 794 1674 carmina
808 1614 923 1673 maiore
944 1633 1018 1673 cura
1035 1634 1128 1691 quam

124 1720 260 1795 ingenio,
280 1738 344 1777 non
363 1737 534 1795 numquam
562 1718 679 1778 iudicia
707 1719 868 1778 hominum
893 1719 1129 1779 recitationibus

89 1843 104 1887 6
126 1825 352 1902 experiebatur.
394 1824 575 1884 Novissime
597 1825 643 1883 ita
664 1825 867 1885 suadentibus
887 1824 978 1884 annis
995 1825 1033 1884 ab
1053 1826 1129 1884 urbe
1150 1833 1178 1878 15
1231 1803 1233 1808 ’

126 1930 263 2005 secessit,
276 1948 371 2007 seque
385 1929 419 1987 in
435 1929 606 2007 Campania
621 1930 732 2004 tenuit,
745 1949 780 1989 ae
795 1949 833 1988 ne
849 1930 987 1989 adventu
1003 1931 1129 2007 quidem

89 2047 105 2092 t
125 2036 199 2095 novi
215 2035 366 2113 principis
381 2034 454 2094 inde
469 2041 641 2094 commotus
659 2041 715 2094 est.
759 2037 875 2110 Magna
889 2036 1031 2096 Caesaris
1051 2035 1129 2110 laus,

126 2142 188 2202 sub·
198 2160 259 2218 quo
273 2141 332 2198 boe
350 2140 482 2199 liberum
497 2140 569 2215 fuit,
585 2159 699 2215 magna
718 2140 814 2215 illius,
830 2141 884 2218 qui
904 2141 963 2200 hae
984 2141 1129 2200 libertate

126 2265 220 2306 ausus
240 2252 288 2306 est
308 2245 363 2305 uti.
408 2246 486 2304 Erat
509 2247 666 2320 φιλόκαλος
688 2247 846 2323 usquead
868 2246 1042 2305 emacitatis
1065 2265 1130 2322 rep

31 2400 40 2439 3
90 2330 351 2412 aichensionem.
398 2351 509 2411 Plures
539 2352 636 2411 isdem
667 2352 699 2410 in
725 2352 800 2412 locis
829 2352 922 2411 villas
950 2352 1180 2429 possidebam

57 2492 60 2498 ,
126 2457 342 2534 adamatisque
366 2447 457 2516 novis
480 2456 598 2534 priores
620 2457 811 2532 neglegebat.
855 2456 992 2515 Multum
1014 2457 1130 2534 ubique

109 2558 292 2637 librorum,
311 2562 445 2621 multum
474 2567 657 2637 statuarum,
680 2562 812 2621 multum
841 2562 1022 2637 imaginum,
1052 2581 1129 2638 quas

126 2648 189 2730 non
216 2646 352 2729 habebat
380 2668 471 2727 modo
499 2686 607 2727 verum
636 2668 731 2727 etiam
761 2668 977 2743 venerabatur,
1008 2668 1129 2743 Vergili

126 2781 199 2836 ante
221 2793 337 2849 omnes,
359 2749 447 2833 euius
468 2774 605 2833 natalem
630 2773 807 2850 religiosius
828 2794 922 2851 quam
944 2794 1033 2834 suum
1056 2774 1131 2832 eele-

126 2860 246 2956 brabat,
261 2863 395 2957 Neapoli
416 2879 560 2954 maxime,
577 2878 631 2939 ubi
651 2880 876 2938 monimentum
898 2880 964 2938 eius
987 2879 1073 2938 adire
1095 2884 1130 2937 ut
1151 2885 1180 2930 25

90 3001 106 3047 9
126 2987 281 3064 templum
299 2985 429 3045 solebat.
454 3024 456 3029 »
472 2986 513 3043 In
529 2985 588 3044 hac
608 2985 839 3062 tranquillitate
854 3003 969 3043 annum
985 2985 1128 3060 quintum

127 3098 159 3153 et
180 3090 445 3170 septuagesimum
460 3090 603 3165 excessit,
620 3090 753 3149 delicato
768 3090 866 3164 magis
888 3109 1015 3166 corpore
1037 3109 1130 3166 quam

127 3196 268 3272 infirmo;
297 3202 394 3274 utque
418 3196 609 3264 novissimus
634 3214 652 3255 a
673 3197 798 3254 Nerone
818 3196 921 3254 faetus
943 3201 990 3254 est
1012 3194 1129 3268 consul,

127 3304 174 3364 ita
200 3309 377 3381 postremus
398 3320 437 3360 ex
462 3302 605 3361 omnibus
631 3320 708 3378 qnos
736 3303 822 3360 Nero
846 3299 987 3360 consules
1003 3300 1131 3380 ,fecerat

76 3427 107 3473 10
128 3408 271 3470 decessit.
313 3406 401 3466 Illud
425 3407 519 3466 etiam
542 3407 689 3482 notabile,
715 3407 845 3466 ultimus
875 3425 913 3464 ex
940 3405 1131 3465 Neronianis
1151 3414 1180 3459 30

113 3513 341 3574 ,consularibus
366 3512 445 3574 obiit
469 3533 532 3595 quo
556 3514 687 3578 consule
710 3514 802 3577 llere
824 3512 939 3594 periit.
985 3507 1088 3576 Q&
1103 3520 1163 3559 m

58 3628 90 3672 11
108 3618 329 3679 recordantem
344 3620 545 3702 fragilitatis
566 3626 742 3692 humanae
757 3620 939 3688 miseratio
957 3611 1064 3676 subit.
1104 3596 1203 3668 baffi
