2512 3870
148 158 190 220 ’(8
573 167 602 218 c.
624 166 722 214 rann

148 340 349 417 culorumque
366 345 421 399 est.
465 339 516 397 An
531 358 587 397 nos
607 338 812 415 sapientiores
832 337 1001 397 maioribus
1023 338 1184 412 nostris,6

148 465 204 504 nos
225 445 374 531 legibus
363 446 448 545 ipsis
467 444 621 517 iustiores,
643 462 722 519 quae
744 450 792 501 tot
812 443 913 535 boras?
936 448 984 502 tot
1005 443 1083 517 dies,
1103 448 1151 502 tot

148 526 415 669 comperendrnat
414 512 488 608 odes
519 518 721 624 largiuntur
756 488 968 607 heilete'sff‘illi
996 554 1028 607 et
1056 568 1152 626 supra

149 657 273 714 modum
288 610 398 728 lardi,
398 674 454 713 nos
469 654 607 731 apertius
622 653 764 727 dicimus,
779 653 911 713 celerius
926 653 1149 729 intellegimus,

114 761 325 835 oreligiosius
347 760 531 833 iudicamus,
553 760 628 836 quia
648 759 846 835 paucioribus
869 759 1044 838 clepsydris
1067 779 1152 836 prae-

150 867 316 944 cipitamus
344 884 454 924 causas
482 883 575 941 quam
603 864 713 923 diebus
739 864 889 940 explicari
914 865 1082 924 solebant?
1125 865 1188 924 07

150 971 280 1046 Regule,
300 971 354 1048 qui
374 971 544 1030 ambitione
565 970 605 1029 ab
623 969 766 1029 omnibus
787 970 950 1029 obtinebas
971 970 1056 1047 quod
1077 970 1151 1029 fidei

148 1077 331 1154 paucissimi
359 1077 537 1152 praestant!
579 1074 734 1151 Equidem
760 1074 905 1151 quotiens
931 1074 1044 1149 iudico,
1068 1075 1153 1152 quod

151 1182 201 1241 vel
225 1181 348 1258 saepius
373 1181 456 1240 facio
480 1199 573 1256 quam
598 1180 677 1254 dicu,
703 1186 853 1256 quantum
883 1180 953 1256 quis
982 1179 1151 1256 plurimum

104 1299 132 1345 10
152 1286 291 1364 postulat
315 1304 412 1362 aquae
436 1286 483 1344 do.
527 1285 652 1344 Etenim
676 1285 877 1344 temerarium
900 1286 1047 1344 existimo
1075 1286 1155 1344 divi-
1176 1301 1192 1345 8

152 1411 226 1452 nare
241 1410 334 1469 quam
350 1391 489 1468 spatiosa
503 1392 545 1450 sit
559 1409 652 1450 causa
666 1391 809 1449 inaudita
822 1396 1008 1468 tempusque
1026 1392 1155 1466 negotio

152 1497 243 1556 finire
271 1497 358 1556 cuius
385 1498 512 1555 modum
541 1495 673 1572 ignores,
702 1497 885 1573 praesertim
913 1515 984 1555 cum
1019 1497 1156 1574 primam

153 1602 295 1677 religioni
312 1620 385 1661 suae
400 1602 493 1660 iudex
508 1601 693 1678 patientiam
711 1601 833 1676 debeat,
848 1619 927 1678 quae
947 1620 1020 1678 pars
1039 1620 1157 1677 magna

152 1708 294 1768 iustitiae
308 1712 364 1766 est.
400 1706 445 1765 At
460 1706 612 1783 quaedam
628 1725 820 1782 supervacua
834 1706 990 1765 dicuntur.
1028 1707 1154 1767 Etiam:

105 1828 133 1873 15
153 1814 208 1874 sed
232 1813 331 1873 satius
355 1819 403 1872 est
427 1811 558 1870 ethaeo
586 1811 649 1870 dici
671 1831 764 1888 quam
789 1831 852 1870 non
879 1812 942 1870 dici
966 1813 1154 1872 necessaria.

153 1920 319 1978 Praeterea
342 1937 382 1976 an
407 1917 472 1976 sint
496 1935 695 1994 supervacua,
720 1916 782 1976 nisi
807 1935 877 1975 cum
901 1917 1047 1993 audieris,
1073 1918 1194 1980 scires

153 2044 215 2083 non
239 2024 349 2102 possis.
393 2023 454 2082 Sed
479 2023 518 2081 de
542 2022 592 2082 his
616 2022 729 2082 melius
754 2041 866 2097 coram,
887 2028 925 2082 ut
947 2023 987 2082 de
1009 2023 1157 2100 pluribus

152 2128 241 2189 vitiis
268 2128 416 2188 civitatis.
472 2128 556 2186 Nam
583 2134 618 2186 tu
651 2147 774 2204 quoque
804 2146 907 2187 amore
941 2129 1158 2189 communium

153 2234 234 2294 soles
258 2234 418 2293 emendari
441 2251 554 2310 cupere
578 2252 657 2310 quae
682 2233 744 2292 iam
770 2233 923 2308 corrigere
948 2232 1075 2293 difficile
1096 2240 1156 2296 est.

104 2351 134 2398 20
152 2339 246 2398 Nunc
261 2338 462 2415 respiciamus
481 2339 587 2398 domos
606 2344 737 2397 nostras.
781 2339 904 2415 Ecquid
921 2338 1027 2398 omnia
1045 2339 1080 2397 in
1099 2346 1159 2401 tua
1179 2359 1208 2404 10

153 2446 262 2504 reete?
283 2442 318 2502 in
338 2462 407 2502 mea
425 2443 498 2501 novi
514 2444 604 2502 nihil.
648 2443 730 2502 Mihi
749 2450 853 2503 autem
873 2450 906 2503 et
925 2444 1062 2520 gratiora
1080 2452 1159 2506 sunt

153 2549 241 2624 bona,
270 2549 354 2626 quod
387 2555 597 2626 perseverant,
626 2555 658 2608 et
686 2548 803 2609 leviora
837 2548 1041 2625 incommoda,
1070 2551 1159 2627 quod

153 2655 290 2716 adsuevi.
333 2655 419 2715 Vale.

566 2814 618 2873 64.
647 2811 739 2892 (nr.)

422 2983 450 3032 C.
477 2982 621 3032 PLINIUS
646 2982 743 3032 VERO
767 2983 835 3033 SUO
855 2983 881 3034 S.

310 3139 366 3191 The
378 3142 445 3191 little
451 3141 527 3204 form
539 3142 616 3202 picea
629 3141 660 3202 by
673 3140 754 3202 Pliny
766 3147 792 3190 to
804 3141 846 3191 lu'c
858 3142 904 3191 old
915 3155 1001 3193 norae.

131 3297 133 3302 ‘
194 3286 320 3357 Gratias
335 3305 393 3361 ago
408 3285 491 3362 quod
509 3285 644 3362 agellum
664 3304 756 3361 quem
777 3285 893 3345 nutrici
914 3304 1001 3345 meae
1022 3280 1161 3348 d'onave
1181 3300 1193 3345 1

104 3405 133 3450 25
153 3411 219 3453 ram
241 3393 405 3451 colendum
427 3392 602 3469 suscepisti.
654 3395 737 3468 Erat,
757 3411 827 3451 cum
849 3393 1005 3465 donarem,
1028 3399 1159 3453 centum

138 3498 265 3557 milium
288 3519 473 3559 nummum:
496 3504 609 3579 postea
632 3498 830 3559 decrescente
851 3497 958 3556 reditu
973 3497 1070 3556 etiam
1091 3519 1161 3575 pre-

122 3598 205 3661 tium
220 3605 359 3687 minuit,
376 3609 466 3689 quod
484 3629 575 3672 nunc
594 3614 628 3670 te
647 3611 782 3669 curante
800 3600 974 3677 reparabit.
1008 3600 1068 3654 Eu
1081 3602 1180 3657 modo
1192 3613 1215 3655 a
