2512 3870
426 744 567 809 LIBER
598 744 834 810 OCTAVUS.

553 964 606 1024 aa
635 962 709 1043 (Π.)

368 1122 397 1173 c.
425 1124 566 1172 murs
589 1123 761 1173 cnumsro
784 1123 852 1174 suo
876 1125 902 1175 s.
979 1086 985 1096 ⁶

134 1270 203 1319 How
215 1270 297 1331 Pliny
308 1270 405 1320 ihored
416 1270 458 1320 the
471 1272 525 1320 lom
538 1270 599 1319 reith
611 1271 654 1319 tte
667 1271 761 1332 buyerc
773 1273 806 1334 os
818 1272 862 1321 iria
873 1275 995 1336 rintooee
1006 1273 1083 1323 when
1096 1273 1142 1323 the

552 1376 614 1423 rrop
620 1363 715 1424 sailed.

174 1507 241 1566 Alii
268 1507 302 1564 in
329 1507 457 1583 praedia
485 1526 542 1565 sua
575 1506 823 1583 proficiscuntur,
853 1515 888 1568 ut
917 1509 1177 1587 locupletioresl

134 1619 339 1687 revertantur,
364 1632 429 1688 egb,
453 1619 488 1670 ut
511 1613 684 1689 pauperior.
727 1614 940 1674 Vendideram
961 1615 1143 1675 vindemias

134 1719 278 1779 certatim
302 1717 547 1792 negotiatoribus
570 1719 753 1778 ementibus.
805 1719 968 1779 Invitabat
991 1721 1142 1798 pretium,

134 1831 167 1884 et
194 1824 278 1901 quod
305 1829 379 1881 tunc
407 1829 440 1882 et
467 1823 551 1900 quod
579 1823 646 1882 fore
671 1823 844 1883 ridebatur.
902 1825 980 1902 Spes
1007 1825 1141 1885 fefellit.
1163 1847 1179 1892 2

99 1941 114 1986 t
134 1931 212 1989 Erat
234 1928 414 2006 expeditum
439 1928 582 1986 omuibus
607 1929 766 1987 remittere
789 1929 973 2006 aequaliter,
997 1931 1053 1990 sed
1076 1950 1144 1990 non

135 2035 213 2095 satis
234 2053 348 2093 aecum.
399 2032 481 2091 Mihi
503 2038 607 2092 autem
627 2033 785 2109 egregium
809 2034 843 2092 in
867 2035 978 2111 primis
1002 2035 1143 2112 videtur,

135 2145 171 2199 ut
184 2140 262 2199 foris
277 2139 323 2198 ita
337 2138 428 2212 dorni,
446 2144 482 2196 ut
499 2138 532 2196 in
547 2139 670 2213 magnis
686 2139 731 2198 ita
746 2139 779 2198 in
796 2139 911 2216 parvis,
927 2146 963 2199 ut
977 2140 1012 2198 in
1025 2141 1143 2202 alienis

135 2247 181 2305 ita
204 2246 238 2304 in
262 2244 337 2317 suis,
362 2243 480 2318 agitare
507 2243 670 2303 iustitiam.
726 2245 810 2304 Nam
835 2245 862 2304 si
886 2246 976 2323 paria
999 2253 1143 2324 peccata,

135 2369 226 2429 pares
251 2350 347 2409 etiam
371 2349 487 2408 laudes
539 2349 651 2425 Itaque
675 2350 818 2409 omnibus
843 2350 980 2427 quidem,
1002 2370 1042 2410 ne
1068 2351 1143 2429 quis
1164 2374 1180 2420 3

86 2470 116 2516 10
135 2456 214 2516 mihi
228 2475 290 2515 non
306 2455 438 2513 donatus
453 2454 562 2527 abiret,
578 2461 700 2530 partem
714 2460 856 2515 octavam
871 2456 966 2533 pretii
985 2475 1048 2534 quo
1067 2457 1143 2534 quis

135 2567 253 2623 emerat
281 2559 435 2619 concessi:
469 2558 581 2617 deinde
609 2560 655 2618 eis
678 2559 733 2636 qui
761 2559 973 2637 amplissimas
1001 2580 1143 2622 summas

135 2665 346 2745 emptionibus
368 2669 594 2740 occupaverant
617 2665 785 2740 separatim
808 2664 958 2724 consului.
1001 2666 1088 2726 Nam
1111 2673 1143 2728 et

135 2792 184 2834 me
212 2772 312 2848 magis
340 2771 485 2829 iuverant
513 2774 544 2827 et
572 2769 673 2828 maius
707 2769 768 2846 ipsi
803 2770 946 2830 fecerant
980 2772 1141 2832 damnum.

136 2879 239 2956 Igitur
261 2878 306 2937 eis
328 2876 383 2953 qui
408 2874 508 2952 pluris
532 2892 627 2951 quam
651 2874 757 2932 decem
781 2874 909 2934 milibus
934 2882 1076 2936 emerant
1102 2878 1144 2937 ad
1164 2905 1180 2949 4

87 2997 114 3042 15
135 2985 223 3045 illam
257 2999 449 3042 communem
478 2985 509 3038 et
537 2979 626 3056 quasi
661 2978 818 3055 publicam
853 2985 995 3040 octavam
1031 2981 1143 3041 addidi

136 3091 289 3150 decimam
325 3086 392 3144 eius
421 3102 557 3144 summae
586 3103 647 3161 qua
675 3085 780 3143 decem
809 3085 899 3144 milia
931 3093 1142 3147 excesserant.

135 3197 252 3257 Vereor
273 3211 312 3251 ne
334 3210 444 3269 parum
464 3189 688 3266 expresserim3
717 3189 856 3266 apertius
878 3189 1014 3250 calculos
1039 3197 1181 3263 osten-5

136 3302 217 3361 dam.
275 3297 309 3357 Si
333 3295 388 3373 qui
412 3296 494 3353 forte
520 3294 697 3370 quindecim
723 3294 850 3354 milibus
874 3301 1023 3371 emerant,
1048 3295 1085 3355 hi
1110 3302 1145 3358 et

136 3403 316 3483 quindecim
335 3400 456 3459 milium
473 3406 615 3458 octavam
634 3404 666 3457 et
685 3399 823 3476 quinque
843 3399 966 3459 milium
987 3401 1144 3462 decimam

63 3519 100 3564 20
119 3511 274 3572 tulerunt.
320 3509 504 3587 Praeterea,
522 3527 596 3570 cum
614 3511 800 3585 reputarem
815 3506 970 3580 quosnam
983 3523 1026 3560 er
1039 3507 1149 3564 besso
1166 3524 1186 3567 s

95 3614 326 3699 aliquantum,
347 3621 515 3703 quosdam
536 3615 683 3699 aliquid,
699 3609 862 3692 quosdam
876 3604 968 3662 mun
983 3603 1184 3674 reposuisse,
