2512 3870
116 107 159 172 82
540 115 570 167 c,
596 117 695 166 rann

116 297 252 366 vagetur.
295 289 340 349 At
355 290 408 348 ille
420 291 622 349 mandaverat
633 296 819 368 caveratqne
830 296 866 350 ut
877 291 1021 350 divinum
1036 290 1119 349 illud
1137 301 1150 343 4
1207 318 1210 323 ’

115 404 147 456 et
161 396 339 463 immortale
352 397 471 455 factum
487 396 627 455 versibus
643 397 880 456 inscriberetur:

194 519 257 576 Hic
272 519 351 578 situs
367 524 415 577 est
430 518 543 592 Rufus
559 518 650 595 pulso
657 487 718 595 .qui
733 520 866 579 Vindice
881 520 1039 596 quondam

271 624 435 700 imperinm
452 623 591 682 adseruit
606 642 668 682 non
683 624 743 683 sibi
759 625 813 683 sed
829 625 956 701 patriae.

81 767 95 807 s
114 747 192 804 Tam
207 764 277 804 rara
291 745 323 803 in
338 745 486 805 amicitiis
501 744 588 819 fides,
600 751 665 804 tam
677 752 787 822 parata
797 746 914 805 oblivio
925 752 1120 805 mortuorum
1139 752 1153 796 5

114 856 150 909 ut
165 851 225 928 ipsi
241 830 330 910 nobis
345 852 511 910 debeamus
527 851 621 909 etiam
636 851 811 910 conditoria
826 858 985 910 exstruere
1004 851 1121 911 omnia

115 975 175 1032 que
197 957 345 1015 heredum
367 954 467 1014 officia
491 975 697 1033 praesumere.
740 957 823 1016 Nam
846 956 896 1015 cui
916 975 979 1015 non
1001 948 1050 1016 est
1071 975 1122 1015 ve
1140 969 1155 1012 6

116 1062 245 1120 rendum
261 1062 343 1138 quod
355 1061 496 1120 videmus
511 1061 662 1120 accidisse
673 1062 848 1136 Verginio?
870 1058 961 1122 cuius
969 1062 1121 1121 iniuriam

114 1171 151 1224 ut
172 1166 379 1240 indigniorem
405 1165 449 1225 sic
471 1166 565 1225 etiam
587 1166 739 1225 notiorem
760 1167 860 1244 ipsius
881 1167 1010 1227 claritas
1029 1167 1120 1226 facit.

68 1280 96 1324 10
115 1270 201 1331 Vale⁴

524 1421 576 1482 69.
607 1421 704 1499 (XV.)

357 1596 386 1648 C.
410 1596 554 1646 PLINIUS
578 1595 732 1645 ROMANO
756 1595 823 1646 SUO
848 1596 874 1648 S.
928 1662 931 1667 .

346 1762 424 1811 Rudc
443 1754 572 1811 ultricium
591 1762 623 1822 os
636 1776 652 1810 c
665 1762 777 1823 saciacus
789 1752 880 1823 1111111.

156 1924 309 1984 Mirificae
325 1924 369 1982 rei
388 1942 449 1982 non
472 1924 665 1983 interfuisti:
687 1942 726 1982 ne
748 1943 804 1999 ego
826 1923 968 2000 quidem,
992 1924 1048 1983 sed
1070 1943 1123 1984 me
1144 1940 1157 1985 1

115 2049 222 2090 recens
250 2029 358 2089 fabula
385 2029 516 2105 excepit.
559 2030 737 2088 Passennus
764 2029 905 2103 Paullus,
931 2029 1123 2106 splendidus

115 2122 209 2213 eques
238 2135 397 2194 Romanus
426 2141 457 2193 et
486 2134 518 2191 in
546 2134 655 2210 primis
684 2134 836 2208 eruditus,
866 2134 975 2194 scribit
1003 2134 1121 2212 elegos.

116 2240 321 2301 Gentilicium
342 2239 400 2298 hoc
415 2238 479 2297 illi:
502 2245 551 2297 est
570 2239 653 2298 enim
675 2239 834 2316 municeps
856 2239 1001 2316 Properti
1023 2245 1123 2317 atque

69 2358 96 2402 15
115 2347 210 2405 etiam
228 2346 309 2405 inter
329 2346 461 2404 maiores
484 2363 554 2403 suos
575 2345 775 2421 Propertium
796 2350 947 2404 numerat.
991 2346 1026 2405 Is
1047 2364 1157 2409 cuma

116 2452 270 2524 recitaret,
286 2451 332 2510 ita
349 2451 452 2527 coepit
472 2449 575 2508 dicere
592 2450 724 2524 ‘Prisce
741 2450 848 2509 iubes!
889 2449 942 2508 Ad
956 2449 1015 2509 hoc
1031 2450 1122 2510 Iavo

115 2557 204 2616 lenus
221 2556 347 2614 Priscus
363 2555 484 2632 (aderat
505 2555 596 2628 enim,
613 2560 649 2613 ut
671 2555 782 2614 Paullo
803 2555 1025 2635 amicissimus)
1043 2560 1121 2631 ‘ego

115 2682 187 2720 vero
216 2681 278 2719 non
307 2660 416 2719 iubeo!
459 2660 571 2734 Cogita
591 2660 645 2735 qui
667 2660 748 2719 risus
770 2660 940 2734 hominum,
962 2660 1017 2737 qui
1046 2661 1118 2721 ioci.
1218 2678 1222 2683 ’

114 2769 173 2828 Est
190 2769 315 2827 omnino
333 2769 460 2827 Priscus
479 2767 590 2826 dubiae
608 2766 762 2841 sanitatis,
778 2766 910 2825 interest
926 2770 1034 2825 tamen
1056 2766 1155 2826 olli-a

66 2886 95 2930 20
114 2876 181 2949 ciis,
210 2876 377 2935 adhibetur
405 2872 545 2932 consiliis
574 2878 668 2949 atque
690 2872 783 2930 etiam
806 2871 854 2931 ius
876 2871 968 2930 civile
989 2872 1120 2949 publice

114 2982 299 3058 respondet:
329 2999 390 3057 quo
411 2979 510 3054 magis
532 2978 615 3055 qnod
643 2984 717 3035 tnnc
741 2977 818 3035 fecit
840 2982 871 3035 et
892 2976 1064 3037 ridiculum
1085 2984 1120 3039 et

113 3086 251 3146 notabile
267 3086 337 3145 fuit.
369 3084 502 3144 interim
517 3082 629 3142 Paullo
644 3080 747 3141 aliena
760 3081 905 3140 deliratio
916 3081 1119 3158 aliquantum
1127 3100 1153 3145 ·4

113 3192 241 3267 frigoris
270 3191 386 3250 attulit.
430 3192 507 3248 Tam
532 3187 665 3247 sollicite
687 3187 864 3246 recitaturis
884 3186 1119 3264 providendum

114 3304 161 3357 est
183 3317 244 3356 non
266 3297 366 3356 solum
387 3301 424 3353 ut
445 3295 509 3353 sint
531 3293 592 3370 ipsi
614 3293 682 3352 sani
703 3311 811 3350 verum
836 3292 931 3351 etiam
958 3297 995 3352 ut
1023 3312 1119 3357 sanos

46 3407 83 3450 25
96 3402 283 3462 adhibeant.
332 3401 419 3466 Vale.
