2512 3870
153 173 195 234 44
580 183 610 235 o.
630 184 730 234 mnu

153 356 236 415 enim
258 362 322 416 tarn
344 356 568 432 circumcisum,
590 363 654 416 tam
683 357 775 417 breve
803 376 897 434 quam
925 357 1061 418 hominis
1090 357 1157 417 vita

80 464 88 473 ‘
153 461 363 538 longissima?
419 462 471 520 An
501 482 562 521 non
591 463 716 521 videtur
746 463 804 522 tibi
832 463 917 522 Nero
944 463 1036 522 modo
1063 463 1156 522 modo

153 567 279 627 fuisse?
301 586 369 626 cum
385 567 509 626 interim
527 568 625 627 exeis
643 568 697 645 qui
718 569 775 628 sub
796 568 852 626 illo
873 575 1035 643 gesserant
1049 587 1157 628 consu·

153 672 253 732 latum
268 691 359 731 nemo
375 673 437 732 iam
452 678 602 748 superest.
645 673 839 750 Quamquam
857 673 934 750 quid
954 673 1012 732 hoc
1032 673 1155 732 miror?
1176 691 1202 736 12

118 789 133 834 o
152 796 253 855 nuper
273 778 308 836 L.
330 777 415 852 Piso,
437 778 672 854 pater-Pisonis
694 778 780 838 illius
802 779 856 855 qui
878 779 1040 838 aValerio
1061 779 1156 839 Festo

153 901 208 960 per
223 902 378 943 summum
393 883 516 942 facinus
534 883 567 941 in
583 884 692 943 Africa
709 884 827 944 occisus
845 889 902 959 est,
918 883 1021 943 dicere
1035 884 1156 944 solebat

97 1072 99 1077 Ι
152 988 310 1047 neminem
322 1007 354 1048 se
366 988 472 1048 videre
486 988 520 1046 in
535 994 645 1048 senatu
657 1007 749 1066 quem
760 989 869 1049 consul
884 989 952 1067 ipse
967 989 1154 1049 sententiam

154 1094 334 1170 rogavisset.
377 1096 455 1154 Tam
477 1095 619 1170 angustis
643 1095 786 1155 terminis
811 1101 917 1155 tantae
942 1095 1157 1155 multitudinis
1177 1115 1203 1160 13

153 1200 305 1259 vivacitas
317 1199 387 1289 ipsa
397 1199 601 1274 concluditur,
613 1206 649 1259 ut
663 1200 741 1259 mihi
753 1220 815 1259 non
827 1201 919 1260 venia
930 1201 1030 1260 solum
1043 1201 1156 1277 dignae

29 1325 33 1331 ·
105 1316 133 1361 10
153 1306 368 1366 verumetiam
383 1285 475 1365 laude
487 1305 653 1365 videantur
668 1306 741 1366 illae
756 1307 859 1382 regiae
873 1306 1028 1366 lacrimae.
1071 1308 1156 1367 Nam

50 1394 53 1398 ⁴
153 1412 261 1472 ferunt
277 1413 414 1486 Xerxen,
429 1414 499 1471 cu'm
520 1411 707 1472 immensum
727 1413 897 1472 exercitum
914 1413 1013 1472 oculis
1027 1412 1156 1487 obisset,

99 1526 103 1531 '
152 1517 377 1592 inlacrimasse,
406 1517 489 1594 quod
519 1522 567 1576 tot
595 1517 722 1577 milibus
750 1522 814 1576 tam
843 1517 947 1577 brevis
976 1517 1157 1578 immineret

153 1641 287 1682 occasus
340 1622 401 1682 Sed
428 1627 517 1682 tanto
544 1623 643 1698 magis
668 1622 725 1680 hoc
754 1623 908 1700 quidquid
932 1628 980 1683 est
1004 1623 1158 1700 temporis
1178 1640 1205 1685 n

153 1728 257 1788 futilis
272 1734 305 1787 et
318 1727 436 1803 caduci,
452 1727 556 1787 sinon
571 1728 662 1787 datur
678 1728 771 1787 factis
788 1727 874 1806 (nam
891 1728 1002 1787 horum
1024 1729 1159 1789 materia

105 1840 133 1885 15
153 1834 187 1893 in
207 1833 312 1893 aliena
332 1834 450 1913 manu),
472 1839 556 1892 certe
581 1833 694 1892 studiis
717 1833 921 1910 proferamus,
944 1840 976 1893 et
1000 1839 1157 1910 quatenus

152 1939 241 1999 nobis
257 1939 429 2014 denegatur
444 1938 499 1997 diu
512 1938 627 2013 vivere,
643 1937 855 2014 relinquamus
877 1938 997 2016 aliquid
1015 1957 1077 2015 quo
1098 1958 1158 2000 nos

153 2045 271 2104 vixisse
292 2050 451 2104 testemur.
496 2043 566 2103 Scio
580 2049 611 2102 te
626 2043 764 2104 stimulis
778 2062 841 2102 non
855 2062 961 2119 egere3
984 2062 1034 2103 me
1048 2049 1159 2104 tamen
1178 2064 1204 2110 15

153 2149 201 2209 tui
216 2149 331 2209 caritas
345 2155 454 2208 evocat
467 2154 503 2208 ut
516 2154 691 2207 currentem
708 2167 831 2226 quoque
849 2148 1007 2224 instigem,
1022 2149 1107 2210 siout
1120 2154 1159 2209 tu

154 2255 235 2315 soles
249 2273 307 2314 me.
352 2256 459 2334 Ἀγαθὴ
473 2254 498 2313 δ’
513 2257 577 2332 ἔρις,
593 2236 663 2312 cum
682 2253 816 2313 invicem
831 2272 864 2314 se
879 2254 998 2314 mutuis
1013 2254 1159 2315 exhorta·

104 2368 134 2414 ao
152 2360 292 2420 tionibus
303 2359 396 2420 amici
410 2359 450 2420 ad
461 2357 595 2419 amorem
607 2359 854 2420 immortalitatis
865 2365 1029 2419 exacuunt.
1065 2359 1156 2421 Vale.

567 2614 620 2674 ae.
649 2611 734 2693 (xi.)

321 2783 350 2834 C.
378 2782 521 2833 PLINIUS
545 2783 644 2832 IULIO
668 2782 843 2833 GENlTORI
866 2782 933 2833 SUO
956 2782 983 2834 S.

422 2940 527 3002 Pliay’s
540 2942 639 3002 locata:
651 2946 677 2990 to
689 2940 882 2991 Artemidorus.

193 3097 252 3157 Est
269 3091 395 3156 omnino
414 3096 606 3155 Artemidori
624 3096 722 3155 nostri
744 3101 807 3154 tam
830 3095 965 3172 benigna
984 3101 1099 3156 natura
1121 3103 1160 3157 ut
1178 3107 1191 3152 1

152 3201 253 3261 officia
274 3201 441 3260 amicorum
464 3201 498 3259 in
519 3201 618 3262 maius
644 3201 792 3260 extollat:
825 3201 898 3260 inde
926 3201 1021 3260 etiam
1049 3220 1158 3261 meum

153 3307 298 3366 meritum
313 3313 349 3366 ut
360 3325 434 3366 vera
448 3307 493 3366 ita
507 3325 602 3384 supra
619 3307 765 3365 meritum
780 3306 1011 3384 praedicatione
1026 3305 1159 3367 circum-

153 3412 224 3472 fert.
268 3412 432 3489 Equidem,
448 3431 518 3471 cum
533 3417 637 3471 essent
651 3411 831 3490 philosophi
846 3412 889 3471 ab.
899 3412 975 3472 urbe
995 3413 1157 3489 summoti,
1177 3416 1192 3462 2

83 3516 190 3574 2510111'
208 3518 298 3595 apud
318 3517 412 3579 illum
436 3518 471 3579 in
493 3518 685 3595 suburbano,
702 3523 734 3578 et
750 3536 812 3596 quo
831 3516 1013 3588 natatilius,
1025 3515 1086 3576 ime
1107 3524 1160 3579 est

120 3621 342 3693 periculosius
374 3635 474 3708 esset,
498 3629 553 3692 fui
581 3633 724 3711 praetor.
774 3622 956 3694 Pecuniam
981 3617 1092 3689 etiam,
1117 3636 1187 3692 qua.
