2512 3870
128 145 169 210 28
553 161 583 212 1.
603 162 702 210 prinu

126 349 211 388 mum
227 335 283 389 est.
328 331 371 390 At
386 331 510 391 hercule
525 337 597 391 ante
612 333 792 391 memoriam
807 352 906 391 meam
923 333 983 411 (ita
996 332 1132 393 maiores

52 442 56 449 '
126 441 204 495 natu
225 435 327 500 solent
350 436 465 517 dicere)
488 457 527 496 ne
551 438 755 497 nobilissimis
781 439 906 514 quidem
927 438 1133 498 adulescenti·
1168 424 1171 429 ’

127 540 184 600 bus
200 540 285 600 locus
297 548 364 601 erat
375 542 436 601 nisi
451 542 557 619 aliquo
572 543 726 602 consulari
743 544 948 619 producente:
981 550 1072 603 tanta
1083 562 1133 602 ve-

127 646 288 704 neratione
303 646 547 723 pulcherrimum
569 668 645 724 opus
661 648 828 708 colebatur.
871 649 964 707 Nunc
986 649 1131 709 refractis
1151 663 1166 707 4

92 764 106 807 5
127 752 256 828 pudoris
277 757 309 810 et
330 753 523 812 reverentiae
545 753 691 812 claustris
717 754 821 821 omnia
845 760 955 830 patent
977 754 1131 828 omnibus,

127 875 182 915 nee
207 856 398 916 inducuntur
423 858 478 918 sed
503 858 694 935 inrumpunt.
738 860 890 918 Secuntur
909 859 1066 918 auditores
1086 878 1134 918 ac·

127 961 247 1022 toribus
263 963 392 1037 similes,
409 963 554 1022 conducti
574 971 606 1022 et
625 964 796 1041 redempti:
821 983 967 1041 manceps
989 964 1133 1023 conveni-

128 1072 195 1126 tur:
226 1067 259 1126 in
286 1069 390 1127 media
416 1068 547 1128 basilica
570 1074 635 1127 tam
664 1070 767 1145 palam
796 1068 954 1147 sportulae
978 1087 1072 1146 quam
1098 1070 1132 1128 in

127 1173 266 1232 triclinio
291 1174 421 1233 dantur:
453 1192 492 1232 ex
517 1174 633 1232 iudicio
657 1174 690 1232 in
713 1174 864 1232 iudicium
893 1175 961 1251 pari
989 1175 1132 1234 mercede

79 1292 108 1337 10
128 1277 287 1337 transitur.
345 1278 424 1337 Inde
453 1279 515 1336 iam
544 1298 606 1336 non
631 1279 1169 1354 1111111111Σοφοκλεῖς1111111115

130 1382 201 1460 [ἀπὸ
211 1387 259 1442 τοῦ
270 1387 368 1458 σοφῶς
383 1385 427 1443 καὶ
443 1384 620 1464 subcludere}
644 1384 743 1443 isdem
758 1383 906 1443 Latinum
920 1403 1032 1443 nomen
1047 1384 1134 1462 inpo-

129 1488 284 1547 situmest
301 1489 480 1548 Laudiceni.
524 1490 567 1547 Et
591 1494 696 1548 tamen
717 1489 829 1548 crescit
851 1489 884 1547 111
906 1489 973 1549 dies
995 1489 1132 1550 foeditas
1154 1508 1170 1553 6

127 1599 260 1670 utraque
288 1593 396 1668 lingna
423 1599 539 1652 notata.
593 1595 679 1652 Here
707 1594 768 1653 duo
795 1594 1042 1654 nomenclatores
1069 1595 1134 1654 mei

129 1699 260 1777 (habent
275 1718 349 1759 sane
364 1705 497 1758 aetatem
514 1717 619 1757 eorum
635 1699 690 1775 qui
704 1718 804 1776 nuper
818 1705 906 1774 togas
924 1700 1130 1781 sumpserint)
1212 1724 1214 1731 ·

79 1822 107 1866 15
128 1805 225 1864 ternis
241 1804 378 1864 denariis
390 1804 429 1863 ad
441 1804 632 1862 laudandum
643 1804 856 1864 trahebantur.
899 1805 994 1864 Tanti
1009 1811 1134 1865 constat

128 1915 164 1968 ut
187 1910 230 1969 sis
258 1909 494 1968 disertissimus.
538 1910 607 1967 Hoc
636 1909 737 1986 pretio
766 1910 939 1986 quamlibet
966 1929 1135 1971 numerosa

129 2015 278 2074 subsellia
299 2015 468 2092 inplentur,
483 2014 542 2072 hoc
565 2015 675 2089 ingens
696 2033 809 2074 corona
823 2014 991 2090 colligitur,
1007 2014 1064 2074 hoc
1088 2015 1135 2074 in·
1181 1993 1198 2043 .'

128 2119 212 2179 finiti
229 2120 378 2180 clamores
396 2125 638 2193 commoventur,
654 2138 723 2178 cum
735 2120 943 2179 ¹mesochorus
965 2121 1052 2180 dedit
1074 2121 1135 2197 sig·
1155 2139 1170 2185 1
1192 2127 1200 2169 ²-

128 2245 220 2283 num:
243 2245 320 2302 opus
346 2231 394 2283 est
419 2224 502 2283 enim
528 2224 617 2299 signo
643 2225 725 2301 apud
750 2244 813 2284 non
838 2225 1065 2301 intellegentes,
1093 2245 1134 2285 ne
1204 2240 1207 2245 ’

79 2344 109 2389 20
129 2330 291 2389 audientes
313 2330 454 2407 quidem;
485 2348 557 2388 nam
580 2329 720 2407 plerique
741 2349 804 2388 non
825 2330 967 2405 audiunt,
989 2349 1045 2389 nec
1073 2331 1135 2390 ulli
1156 2344 1171 2390 8

129 2437 227 2510 magis
252 2435 390 2494 laudant.
436 2436 469 2494 Si
497 2436 621 2512 quando
649 2435 799 2496 transibis
828 2455 883 2513 per
911 2436 1072 2496 basilicam
1101 2442 1135 2496 et
1189 2492 1191 2496 .

129 2542 214 2600 voles
237 2541 315 2600 scire
336 2537 397 2618 q'uo
420 2541 510 2599 modo
532 2541 664 2619 quisque
687 2541 780 2616 dicat,
803 2541 883 2600 nihil
906 2542 1058 2619 estquod
1080 2542 1136 2601 tri-

128 2647 223 2707 bunal
245 2647 402 2720 ascendas,
425 2646 506 2704 nihil
530 2647 614 2723 quod
639 2647 787 2724 praebeas
809 2666 932 2723 aurern,
962 2648 1066 2707 facilis
1090 2648 1136 2708 di·
1167 2643 1171 2650 ’

127 2752 264 2811 vinatio:
289 2752 367 2811 scito
381 2770 451 2810 eum
467 2751 600 2828 pessime
617 2752 718 2811 dicere
731 2753 784 2829 qui
797 2753 976 2813 laudabitur
986 2753 1133 2813 maxime.

79 2872 108 2916 25
128 2857 254 2916 Primus
275 2857 359 2915 hunc
380 2857 528 2916 audiendi
550 2876 667 2916 morem
690 2857 817 2916 induxit
837 2858 971 2933 Largius
993 2858 1135 2934 Licinus,
1156 2874 1172 2918 9

128 2962 279 3022 hactenus
307 2968 413 3021 tamen
441 2967 477 3021 ut
502 2962 660 3022 auditores
689 2969 879 3039 corrogaret:
909 2964 955 3022 ita
982 2969 1065 3022 certe
1095 2982 1185 3027 exio

129 3067 332 3141 Quintiliane,
348 3073 547 3145 praeceptore
561 3086 639 3142 rneo,
655 3068 779 3127 audisse
795 3068 932 3127 memini.
974 3068 1136 3129 Narrabat

129 3172 184 3231 ille
200 3172 400 3232 ‘adsectabar
419 3173 592 3231 Domitium
611 3172 743 3231 Afrum:
767 3192 836 3232 curn
859 3174 942 3250 apud
964 3175 1137 3233 centumvi-

129 3297 179 3336 ros
195 3277 312 3336 dieeret
326 3278 464 3353 graviter
479 3283 510 3336 et
524 3277 608 3336 lente
625 3276 696 3355 (hoc
711 3278 794 3336 enirn
812 3278 861 3336 illi
881 3278 1013 3338 actionis
1035 3297 1135 3353 genus
1172 3319 1175 3323 ·

80 3400 110 3446 30
129 3385 221 3464 erat),
236 3382 326 3441 audit
345 3376 389 3441 ex'
402 3382 544 3459 proximo
565 3382 756 3440 inmodicum
778 3382 1001 3459 insolitumque
1022 3384 1137 3443 clamo

114 3505 191 3543 rem.
239 3487 426 3549 Admiratus
457 3486 597 3548 reticuit.
645 3486 714 3548 Ubi
740 3486 904 3546 silentium
927 3488 1048 3545 lactum
1075 3495 1136 3564 est,

91 3590 235 3664 reperiit
248 3595 338 3670 quod
355 3596 547 3677 abruperat.
592 3597 723 3656 lterum
737 3590 1003 3663 etennensium
1016 3574 1162 3661 remotim,
1174 3602 1212 3645 m.
