2512 3870
426 159 690 210 nrrsrumuuu
714 160 761 209 w.
783 160 822 209 rs.
959 189 965 200 .
1083 147 1125 211 67

120 348 198 404 mus,
224 329 338 391 studiis
366 330 537 408 periclitati
565 350 681 405 simine,
710 349 880 408 rursusque
908 330 1123 408 processimus.
1177 316 1182 321 ’

83 448 99 493 5
120 435 313 495 Profuerunt
329 436 418 495 nobis
437 437 587 495 bonorum
604 436 771 511 amicitiae,
787 438 938 495 bonorum
956 437 1125 495 obfuerunt

120 541 295 619 iterumque
310 548 450 619 prosunt.
495 542 528 602 Si
540 549 690 620 conputas
706 561 813 615 armos,
829 543 976 617 exiguum
991 548 1123 619 tempus,

83 646 148 705 osi
171 646 256 706 vices
281 665 394 722 rerum,
418 665 528 706 aevum
556 653 656 724 putes.
700 647 789 716 Quod
812 653 915 724 potest
940 665 1007 706 esse
1036 625 1125 706 docu-

120 757 225 810 mento
242 751 323 810 nihil
342 752 515 829 desperare,
532 752 612 810 nulli
627 752 671 811 rei
687 751 793 827 fidere,
810 771 880 811 curu
899 752 1059 811 videamus
1077 757 1125 811 tot
1144 766 1159 810 5

83 857 288 916 trarietates
316 861 382 916 tarn
411 857 542 917 volubili
574 858 646 917 orbe
674 857 852 934 circumagi.
909 857 991 916 Mihi
1019 863 1124 916 autern

120 961 276 1022 familiare
298 967 346 1021 est
368 980 474 1023 omnes
496 962 702 1038 cogitationes
724 981 808 1022 meas
833 968 936 1021 tecum
958 962 1126 1021 communi-

120 1085 188 1126 care
210 1067 372 1144 isdemque
397 1073 428 1126 te
456 1066 507 1126 vel
535 1068 711 1145 praeceptis
740 1067 789 1127 vel
818 1067 971 1144 exemplis
1000 1086 1124 1126 mouere

121 1172 233 1248 quibus
252 1172 389 1250 ipseme
408 1191 535 1249 mone0;
558 1191 637 1249 quae
658 1173 740 1231 ratio
760 1172 854 1232 huius
876 1171 1030 1249 epistulae
1051 1172 1122 1231 fuit.

121 1276 207 1336 Vale.
1145 1289 1171 1334 lo

516 1397 569 1457 54.
599 1395 729 1475 (xxv.)

282 1544 314 1595 C.
340 1543 484 1592 PLINIUS
507 1543 639 1593 MESSIO
664 1542 816 1593 MAXIMO
841 1542 909 1593 SUO
933 1543 959 1593 S.

375 1677 464 1727 Abuse
476 1679 509 1739 os
516 1678 558 1727 tlte
571 1678 655 1727 ballol
668 1679 697 1726 iu
707 1678 749 1727 the
763 1676 868 1727 Scitote.

86 1825 98 1869 1
162 1810 354 1888 Scripseram
375 1809 434 1868 tibi
455 1809 625 1868 verendum
645 1827 712 1868 5555
730 1828 769 1867 ne
786 1827 824 1867 ex
842 1809 947 1868 tacitis
964 1809 1123 1884 suffragiis

120 1916 233 1975 vitium
255 1915 383 1992 aliquod
405 1914 562 1974 existeret.
606 1915 737 1973 Factum
757 1920 813 1974 est.
856 1914 1013 1973 Proximis
1033 1915 1124 1973 comi·

120 2021 175 2081 tiis
200 2021 234 2079 in
258 2020 445 2097 quibusdam
470 2019 597 2078 tabellis
621 2019 721 2078 multa
742 2019 893 2079 iocularia
913 2025 1007 2096 atque
1028 2019 1123 2078 etiarn

120 2127 213 2186 foeda
238 2126 339 2200 dictu„
359 2125 393 2182 in
417 2144 480 2184 una
504 2143 578 2183 vero
602 2143 658 2201 pro
683 2125 919 2184 candidatorum
944 2125 1123 2184 nominibus

85 2249 99 2292 2
122 2232 361 2306 suffragatorum
382 2230 509 2289 nomina
527 2229 656 2288 inventa
674 2237 754 2289 sunt.
799 2230 977 2290 Excanduit
998 2236 1123 2290 senatus
1144 2241 1172 2285 15

121 2355 294 2413 magnoque
315 2336 449 2395 clamore
474 2336 503 2393 ei
528 2335 583 2412 qni
609 2335 788 2412 scripsisset
814 2336 927 2394 iratum
949 2336 1124 2413 principem

121 2447 169 2502 555
190 2447 410 2519 comprecatus.
455 2440 515 2500 Ille
537 2446 643 2500 tamen
664 2441 782 2500 fefellit
807 2448 838 2500 et
863 2441 966 2515 latuit,
988 2441 1123 2501 fortasse

85 2564 100 2608 3
121 2549 217 2608 etiam
235 2548 318 2606 inter
337 2546 537 2622 indignantes
560 2546 631 2605 fuit.
675 2547 757 2616 Quid
775 2546 858 2606 huuc
875 2553 1022 2624 putamus
1040 2547 1124 2605 domi

120 2654 233 2728 facere,
252 2652 306 2729 qui
325 2652 358 2711 in
374 2656 465 2711 tanta
478 2670 511 2710 re
529 2657 594 2710 tam
612 2651 693 2710 serio
711 2657 932 2728 temporetam
952 2651 1124 2711 scurriliter

120 2758 218 2833 ludat,
234 2758 288 2835 qui
303 2756 438 2834 denique
455 2756 581 2815 omnino
598 2756 631 2814 iu
647 2762 756 2815 senatu
774 2757 865 2817 dicax
884 2763 916 2816 et
936 2757 1073 2816 urbanus
1093 2761 1124 2815 55
1144 2763 1173 2807 20

85 2881 100 2924 4
120 2863 222 2923 bellus
240 2864 314 2922 est?
357 2863 493 2921 Tantum
511 2861 657 2921 licentiae
675 2861 780 2939 pravis
803 2861 937 2936 ingeniis
955 2861 1052 2920 adicit
1068 2861 1125 2920 illa

120 2968 235 3028 fiducia
260 2967 350 3045 ‘quis
375 2966 458 3026 enim
482 2967 605 3026 sciet?'
657 2967 805 3044 Poposcit
832 2965 990 3041 tabellam,
1015 2965 1124 3024 stilum

120 3073 249 3151 aceepit,
272 3072 400 3132 demisit
423 3078 526 3149 caput,
548 3072 705 3131 neminem
730 3077 863 3146 veretur,
887 3090 919 3130 55
942 3070 1122 3130 coutemnit.

120 3180 200 3238 Inde
218 3179 281 3239 ista
296 3178 434 3238 ludibria
453 3195 565 3238 scaena
582 3183 613 3236 et
635 3177 759 3255 pulpito
780 3177 883 3252 digna.
925 3177 993 3246 Quo
1013 3182 1045 3235 55
1059 3196 1125 3234 vcr-

120 3286 192 3345 ta's?
228 3302 308 3361 quae
335 3283 474 3342 remedia
501 3283 691 3360 conquiras?
727 3282 842 3360 ubique
871 3281 950 3341 vitia
977 3281 1123 3341 remediis
1144 3292 1171 3336 25

120 3390 261 3450 fortiora.
304 3387 397 3449 Ἀλλὰ
417 3393 504 3448 ταῦτα
523 3392 564 3468 τῷ
584 3391 652 3467 ὑπὲρ
674 3391 747 3466 ἡμᾶς
767 3389 894 3466 μελήσει,
917 3387 967 3446 cui
989 3386 1123 3445 multum

119 3495 234 3556 cotidie
262 3493 450 3572 vigiliarum,
479 3494 618 3557 multum
643 3494 767 3585 latioris
793 3494 899 3556 adicit
916 3493 1007 3551 *uass
1028 3494 1151 3545 ussus
1182 3542 1185 3548 ,

67 3598 190 3659 sinere
211 3604 246 3661 et
267 3604 377 3665 tamen
399 3603 565 3672 effrenata
588 3606 793 3691 petulantia.
831 3600 936 3666 lielt-
