2512 3870
103 109 167 174 106
529 121 559 171 o.
578 120 678 171 mun
1070 186 1116 265 ,ὅ
1126 164 1145 239 λ

1117 208 1126 245 ι

103 299 274 353 ceterorum
293 298 367 353 sunt
387 292 523 352 minores
541 293 643 369 eapite
660 293 804 368 disereti3
829 293 885 353 sed
897 292 1022 352 flumini
1035 254 1107 352 lile

103 404 220 472 centur,
236 399 318 476 quod
335 404 429 475 ponte
448 398 684 457 transmittitur.
728 399 761 458 Is
776 398 929 458 terminus
944 399 1026 458 saori
1040 417 1107 476 pro

103 504 241 582 fanique.
297 505 334 561 ln
370 503 527 580 superiore
558 509 647 580 parte
679 503 827 579 navigare
859 474 993 578 ta‘ll‘tlrm,
1021 503 1141 563 intrat

103 609 198 669 etiam
220 615 328 668 natare
349 627 536 668 conoessum.
580 608 744 668 Balineum
766 608 972 686 Hispellates,
992 608 1107 685 quibus

67 725 82 769 t
103 714 192 773 illum
222 715 324 773 looum
348 714 439 773 divus
465 713 627 788 Angustus
651 714 732 772 dono
754 713 851 788 dedit,
875 713 998 791 publice
1021 733 1108 791 prae

103 819 186 893 bent,
199 819 348 897 praebent
360 818 541 895 hospitium.
570 819 637 878 Neo
649 819 762 878 desunt
775 818 878 894 villae,
891 837 971 896 quae
982 825 1107 879 secutae

102 923 241 983 fluminis
263 923 483 983 amoenitatem
505 923 639 998 margini
660 922 819 983 insistunt.
863 923 902 982 In
917 942 1048 998 summa,
1062 924 1108 982 ni·
1126 944 1140 991 r

103 1029 149 1087 hil
171 1029 231 1088 erit
255 1048 294 1087 ex
316 1047 377 1106 qno
405 1048 467 1087 non
488 1028 593 1106 rapias
615 1028 818 1106 voluptatem.
860 1029 944 1087 Nam
964 1029 1108 1089 studebis

103 1152 242 1211 quoque;
266 1134 349 1208 leges
371 1133 472 1193 multa
493 1134 663 1193 multorum
688 1134 831 1194 omnibus
859 1133 1022 1209 columnis,
1046 1154 1108 1194 om·

55 1250 84 1295 10
103 1239 196 1299 nibus
214 1239 385 1316 parietibus
401 1239 562 1316 inscripta,
581 1239 693 1316 quibus
710 1240 783 1298 fons
800 1239 855 1298 ille
875 1240 1013 1317 deusque
1031 1241 1110 1300 eele-

103 1344 219 1404 bratur.
269 1344 367 1403 Plura
394 1344 545 1418 laudabis,
574 1344 725 1404 nonnulla
752 1345 887 1420 ridebis3
916 1364 1109 1423 quamquam
1180 1310 1202 1485 l

103 1453 139 1508 tu
152 1468 235 1523 vern,
251 1468 330 1526 quae
345 1456 400 1509 tua
413 1449 601 1525 humanitas,
616 1449 706 1510 nulla
720 1449 846 1510 ridebis.
888 1449 976 1512 Vale.

503 1721 555 1781 er.
585 1717 701 1800 (xvi.)

339 1887 370 1938 C.
393 1888 537 1938 PLINIUS
560 1888 731 1940 PATERNO
755 1889 823 1941 SUO
846 1889 873 1941 S.

383 2046 488 2108 Pliny's
500 2047 626 2096 lciadness
638 2053 664 2097 to
677 2048 718 2096 tia
730 2048 823 2098 slaves.

144 2192 353 2252 Confecerunt
372 2210 422 2249 me
438 2191 638 2251 infirmitates
660 2210 807 2265 meorum,
823 2198 939 2253 mortes
953 2192 1062 2270 etiam,
1078 2200 1112 2256 et
1132 2210 1147 2256 1

104 2297 231 2373 quidem
254 2297 410 2354 iuvenum.
455 2296 577 2355 Solacia
601 2296 662 2355 duo
686 2316 883 2374 nequaquam
908 2298 998 2375 paria
1018 2304 1112 2360 tanto

56 2400 84 2456 15
105 2402 214 2476 dolori,
243 2402 359 2462 solacia
392 2408 513 2461 tamen:
549 2423 645 2461 nnum
674 2403 812 2462 facilitas
847 2404 1109 2482 manumittendi;

105 2508 213 2566 videor
234 2507 317 2565 enim
339 2526 401 2565 non
420 2508 546 2566 omnino
565 2507 738 2568 immaturos
754 2508 928 2585 perdidisse
946 2528 1025 2585 quos
1045 2510 1110 2570 iam

105 2612 218 2671 liberos
248 2612 388 2688 perdidi;
424 2612 566 2687 alterum,
588 2613 672 2688 quod
693 2613 841 2690 permitto
862 2613 961 2675 servis
983 2633 1111 2693 quoque

106 2717 194 2793 quasi
223 2722 413 2776 testamenta
446 2718 549 2776 faeere
585 2736 681 2794 eaque
715 2723 752 2778 ut
785 2717 928 2796 legitima
954 2720 1109 2781 custodio.

106 2822 260 2881 Mandant
294 2827 466 2898 rogantque
502 2822 585 2898 quod
618 2822 739 2897 visum3
794 2842 888 2900 pareo
922 2828 958 2883 ut
992 2824 1148 2891 insensa

6 2912 9 2917 ¹
56 2934 86 2978 20
105 2926 271 3000 Dividunt,
302 2923 428 3000 donant,
461 2926 625 3002 relincunt,
658 2928 823 2987 dumtaxat
858 2928 942 2988 intra
971 2928 1112 2991 domum.

105 3032 188 3090 Nam
207 3030 305 3090 servis
327 3048 376 3087 res
394 3028 520 3105 publiea
536 3029 687 3105 quaedam
708 3034 740 3089 et
756 3029 846 3106 quasi
865 3029 978 3091 civitas
998 3032 1113 3094 domus

107 3142 161 3195 est.
207 3135 267 3194 Sed
290 3153 480 3210 quamquam
504 3133 554 3193 his
580 3133 703 3194 solaeiis
725 3135 934 3212 adquiescam,
959 3136 1150 3203 debilitora

107 3247 139 3300 et
153 3242 280 3314 frangor
296 3218 403 3298 eadem
419 3223 479 3297 illa
494 3238 689 3298 humanitate
704 3259 783 3317 quae
805 3259 854 3300 me
875 3246 911 3301 ut
930 3241 990 3301 hoo
1004 3242 1114 3321 ipsum

105 3345 320 3422 permitterem
332 3343 467 3402 induxit.
509 3345 583 3402 Non
597 3344 668 3403 ideo
679 3349 784 3405 tamen
798 3346 894 3405 velim
908 3347 1016 3408 durior
1030 3348 1112 3410 fieri.
1177 3346 1180 3351 ’

36 3457 74 3501 25
86 3449 161 3508 Neo
188 3449 305 3527 ignoro
328 3449 411 3512 alios
438 3449 598 3513 eiusmodi
622 3470 714 3512 nasus
742 3451 830 3509 ninii
845 3451 983 3528 amplius
1000 3472 1120 3513 unusne

69 3569 171 3627 quam
197 3558 363 3622 damnum
383 3581 490 3643 eoque
515 3559 582 3624 sibi
603 3577 743 3638 magnos
759 3554 912 3615 bomines
928 3557 965 3610 et
978 3551 1150 3626 subm-lm
