<?xml version="1.0" encoding="UTF-8"?>
<!DOCTYPE html PUBLIC "-//W3C//DTD XHTML 1.0 Transitional//EN"
    "http://www.w3.org/TR/xhtml1/DTD/xhtml1-transitional.dtd">
<html xmlns="http://www.w3.org/1999/xhtml" xml:lang="en" lang="en">
 <head>
  <title>
</title>
<meta http-equiv="Content-Type" content="text/html;charset=utf-8" />
  <meta name='ocr-system' content='tesseract 3.04.00' />
  <meta name='ocr-capabilities' content='ocr_page ocr_carea ocr_par ocr_line ocrx_word'/>
</head>
<body>
  <div class='ocr_page' id='page_1' title='image "./cplinisecundiep01plingoog_0104.png"; bbox 0 0 2512 3870; ppageno 0'>
   <div class='ocr_carea' id='block_1_1' title="bbox 412 175 1110 239">
    <p class='ocr_par' dir='ltr' id='par_1_1' title="bbox 412 175 1110 239">
     <span class='ocr_line' id='line_1_1' title="bbox 412 175 1110 239; baseline 0.01 -7"><span class='ocrx_word' id='word_1_1' title='bbox 412 183 673 235; x_wconf 74' lang='lat' dir='ltr'><strong>arrarunnumu</strong></span> <span class='ocrx_word' id='word_1_2' title='bbox 698 184 746 234; x_wconf 82' lang='lat' dir='ltr'><strong>rv,</strong></span> <span class='ocrx_word' id='word_1_3' title='bbox 766 186 809 234; x_wconf 80' lang='lat' dir='ltr'><strong>aa.</strong></span> <span class='ocrx_word' id='word_1_4' title='bbox 1069 175 1110 239; x_wconf 86' lang='lat'><strong>65</strong></span> 
     </span>
    </p>
   </div>
   <div class='ocr_carea' id='block_1_2' title="bbox 32 355 1159 1805">
    <p class='ocr_par' dir='ltr' id='par_1_2' title="bbox 94 355 1112 541">
     <span class='ocr_line' id='line_1_2' title="bbox 94 355 1112 433; baseline 0.004 -19"><span class='ocrx_word' id='word_1_5' title='bbox 94 355 236 433; x_wconf 82' lang='lat' dir='ltr'><strong>=quidcm</strong></span> <span class='ocrx_word' id='word_1_6' title='bbox 257 373 342 415; x_wconf 89' lang='lat' dir='ltr'><strong>meos</strong></span> <span class='ocrx_word' id='word_1_7' title='bbox 363 360 470 415; x_wconf 88' lang='lat' dir='ltr'><strong>cantat</strong></span> <span class='ocrx_word' id='word_1_8' title='bbox 491 355 586 414; x_wconf 90' lang='lat' dir='ltr'><strong>etiarn</strong></span> <span class='ocrx_word' id='word_1_9' title='bbox 609 356 788 433; x_wconf 82' lang='lat' dir='ltr'><strong>formatque</strong></span> <span class='ocrx_word' id='word_1_10' title='bbox 807 357 937 432; x_wconf 85' lang='lat' dir='ltr'><strong>cithara,</strong></span> <span class='ocrx_word' id='word_1_11' title='bbox 952 378 1015 417; x_wconf 92' lang='lat' dir='ltr'><strong>non</strong></span> <span class='ocrx_word' id='word_1_12' title='bbox 1040 359 1112 418; x_wconf 90' lang='lat' dir='ltr'><strong>arti·</strong></span> 
     </span>
     <span class='ocr_line' id='line_1_3' title="bbox 109 461 1109 541; baseline 0.003 -20"><span class='ocrx_word' id='word_1_13' title='bbox 109 461 166 521; x_wconf 90' lang='lat' dir='ltr'><strong>fice</strong></span> <span class='ocrx_word' id='word_1_14' title='bbox 181 461 287 538; x_wconf 91' lang='lat' dir='ltr'><strong>aliquo</strong></span> <span class='ocrx_word' id='word_1_15' title='bbox 301 461 431 520; x_wconf 82' lang='lat' dir='ltr'>docente</span> <span class='ocrx_word' id='word_1_16' title='bbox 446 462 501 521; x_wconf 87' lang='lat' dir='ltr'><strong>sed</strong></span> <span class='ocrx_word' id='word_1_17' title='bbox 524 480 637 536; x_wconf 90' lang='lat' dir='ltr'><strong>amore,</strong></span> <span class='ocrx_word' id='word_1_18' title='bbox 652 462 706 539; x_wconf 89' lang='lat' dir='ltr'><strong>qui</strong></span> <span class='ocrx_word' id='word_1_19' title='bbox 723 463 871 537; x_wconf 86' lang='lat' dir='ltr'><strong>magister</strong></span> <span class='ocrx_word' id='word_1_20' title='bbox 894 470 941 522; x_wconf 89' lang='lat' dir='ltr'><strong>est</strong></span> <span class='ocrx_word' id='word_1_21' title='bbox 964 464 1109 541; x_wconf 87' lang='lat' dir='ltr'><strong>optimus.</strong></span> 
     </span>
    </p>

    <p class='ocr_par' dir='ltr' id='par_1_3' title="bbox 73 567 1146 858">
     <span class='ocr_line' id='line_1_4' title="bbox 73 567 1111 647; baseline 0.002 -21"><span class='ocrx_word' id='word_1_22' title='bbox 73 567 171 627; x_wconf 78' lang='lat' dir='ltr'><strong>5HIs</strong></span> <span class='ocrx_word' id='word_1_23' title='bbox 189 585 228 625; x_wconf 87' lang='lat' dir='ltr'><strong>ex</strong></span> <span class='ocrx_word' id='word_1_24' title='bbox 245 567 347 626; x_wconf 88' lang='lat' dir='ltr'><strong>causis</strong></span> <span class='ocrx_word' id='word_1_25' title='bbox 371 567 404 624; x_wconf 92' lang='lat' dir='ltr'><strong>in</strong></span> <span class='ocrx_word' id='word_1_26' title='bbox 428 586 514 644; x_wconf 88' lang='lat' dir='ltr'><strong>spem</strong></span> <span class='ocrx_word' id='word_1_27' title='bbox 538 567 745 628; x_wconf 82' lang='lat' dir='ltr'><strong>certissimam</strong></span> <span class='ocrx_word' id='word_1_28' title='bbox 769 569 905 628; x_wconf 91' lang='lat' dir='ltr'><strong>adducor</strong></span> <span class='ocrx_word' id='word_1_29' title='bbox 928 576 1111 647; x_wconf 88' lang='lat' dir='ltr'><strong>perpetuam</strong></span> 
     </span>
     <span class='ocr_line' id='line_1_5' title="bbox 109 672 1109 749; baseline 0.004 -18"><span class='ocrx_word' id='word_1_30' title='bbox 109 672 199 732; x_wconf 92' lang='lat' dir='ltr'><strong>nobis</strong></span> <span class='ocrx_word' id='word_1_31' title='bbox 227 672 438 749; x_wconf 89' lang='lat' dir='ltr'><strong>maioremque</strong></span> <span class='ocrx_word' id='word_1_32' title='bbox 466 672 500 731; x_wconf 91' lang='lat' dir='ltr'><strong>in</strong></span> <span class='ocrx_word' id='word_1_33' title='bbox 534 672 601 732; x_wconf 89' lang='lat' dir='ltr'><strong>dies</strong></span> <span class='ocrx_word' id='word_1_34' title='bbox 629 673 769 732; x_wconf 86' lang='lat' dir='ltr'><strong>futuram</strong></span> <span class='ocrx_word' id='word_1_35' title='bbox 804 693 871 734; x_wconf 89' lang='lat' dir='ltr'><strong>esse</strong></span> <span class='ocrx_word' id='word_1_36' title='bbox 905 675 1109 736; x_wconf 80' lang='lat' dir='ltr'><strong>concordiam.</strong></span> 
     </span>
     <span class='ocr_line' id='line_1_6' title="bbox 109 777 1146 858; baseline 0.004 -22"><span class='ocrx_word' id='word_1_37' title='bbox 109 778 182 836; x_wconf 87' lang='lat' dir='ltr'><strong>Non</strong></span> <span class='ocrx_word' id='word_1_38' title='bbox 210 777 294 836; x_wconf 90' lang='lat' dir='ltr'><strong>enim</strong></span> <span class='ocrx_word' id='word_1_39' title='bbox 321 783 455 836; x_wconf 84' lang='lat' dir='ltr'><strong>aetatem</strong></span> <span class='ocrx_word' id='word_1_40' title='bbox 485 797 586 837; x_wconf 90' lang='lat' dir='ltr'><strong>meam</strong></span> <span class='ocrx_word' id='word_1_41' title='bbox 614 784 669 838; x_wconf 89' lang='lat' dir='ltr'><strong>aut</strong></span> <span class='ocrx_word' id='word_1_42' title='bbox 696 798 816 857; x_wconf 75' lang='lat' dir='ltr'><strong>corpus,</strong></span> <span class='ocrx_word' id='word_1_43' title='bbox 845 798 924 857; x_wconf 91' lang='lat' dir='ltr'><strong>quae</strong></span> <span class='ocrx_word' id='word_1_44' title='bbox 959 780 1146 858; x_wconf 75' lang='lat' dir='ltr'><strong>paulatima</strong></span> 
     </span>
    </p>

    <p class='ocr_par' dir='ltr' id='par_1_4' title="bbox 73 882 1112 1172">
     <span class='ocr_line' id='line_1_7' title="bbox 73 882 1111 959; baseline 0.003 -17"><span class='ocrx_word' id='word_1_45' title='bbox 73 882 256 942; x_wconf 86' lang='lat' dir='ltr'><strong>coccidunt</strong></span> <span class='ocrx_word' id='word_1_46' title='bbox 280 900 315 941; x_wconf 88' lang='lat' dir='ltr'><strong>ac</strong></span> <span class='ocrx_word' id='word_1_47' title='bbox 340 888 515 957; x_wconf 88' lang='lat' dir='ltr'><strong>senescunt,</strong></span> <span class='ocrx_word' id='word_1_48' title='bbox 539 884 593 942; x_wconf 87' lang='lat' dir='ltr'><strong>sed</strong></span> <span class='ocrx_word' id='word_1_49' title='bbox 621 883 751 959; x_wconf 83' lang='lat' dir='ltr'><strong>gloriam</strong></span> <span class='ocrx_word' id='word_1_50' title='bbox 775 885 889 959; x_wconf 79' lang='lat' dir='ltr'><strong>diligit.</strong></span> <span class='ocrx_word' id='word_1_51' title='bbox 932 886 999 944; x_wconf 89' lang='lat' dir='ltr'><strong>Nec</strong></span> <span class='ocrx_word' id='word_1_52' title='bbox 1024 886 1111 945; x_wconf 87' lang='lat' dir='ltr'><strong>aliud</strong></span> 
     </span>
     <span class='ocr_line' id='line_1_8' title="bbox 109 989 1110 1067; baseline 0 -18"><span class='ocrx_word' id='word_1_53' title='bbox 109 990 198 1049; x_wconf 85' lang='lat' dir='ltr'><strong>decet</strong></span> <span class='ocrx_word' id='word_1_54' title='bbox 211 989 276 1050; x_wconf 87' lang='lat' dir='ltr'><strong>tuis</strong></span> <span class='ocrx_word' id='word_1_55' title='bbox 295 990 439 1050; x_wconf 89' lang='lat' dir='ltr'><strong>manibus</strong></span> <span class='ocrx_word' id='word_1_56' title='bbox 460 990 632 1064; x_wconf 85' lang='lat' dir='ltr'><strong>educatam,</strong></span> <span class='ocrx_word' id='word_1_57' title='bbox 648 990 711 1049; x_wconf 90' lang='lat' dir='ltr'><strong>tuis</strong></span> <span class='ocrx_word' id='word_1_58' title='bbox 734 991 907 1067; x_wconf 81' lang='lat' dir='ltr'><strong>praeceptis</strong></span> <span class='ocrx_word' id='word_1_59' title='bbox 923 991 1110 1067; x_wconf 86' lang='lat' dir='ltr'><strong>institutam,</strong></span> 
     </span>
     <span class='ocr_line' id='line_1_9' title="bbox 110 1095 1112 1172; baseline 0.002 -18"><span class='ocrx_word' id='word_1_60' title='bbox 110 1113 189 1172; x_wconf 92' lang='lat' dir='ltr'><strong>quae</strong></span> <span class='ocrx_word' id='word_1_61' title='bbox 204 1095 284 1155; x_wconf 90' lang='lat' dir='ltr'><strong>nihil</strong></span> <span class='ocrx_word' id='word_1_62' title='bbox 299 1096 333 1155; x_wconf 90' lang='lat' dir='ltr'><strong>in</strong></span> <span class='ocrx_word' id='word_1_63' title='bbox 347 1097 551 1157; x_wconf 88' lang='lat' dir='ltr'><strong>contubernio</strong></span> <span class='ocrx_word' id='word_1_64' title='bbox 568 1101 623 1156; x_wconf 92' lang='lat' dir='ltr'><strong>tuo</strong></span> <span class='ocrx_word' id='word_1_65' title='bbox 638 1095 755 1154; x_wconf 89' lang='lat' dir='ltr'><strong>viderit</strong></span> <span class='ocrx_word' id='word_1_66' title='bbox 769 1095 832 1155; x_wconf 90' lang='lat' dir='ltr'><strong>nisi</strong></span> <span class='ocrx_word' id='word_1_67' title='bbox 847 1101 989 1155; x_wconf 85' lang='lat' dir='ltr'><strong>sanctum</strong></span> <span class='ocrx_word' id='word_1_68' title='bbox 1004 1097 1112 1156; x_wconf 87' lang='lat' dir='ltr'><strong>hones·</strong></span> 
     </span>
    </p>

    <p class='ocr_par' dir='ltr' id='par_1_5' title="bbox 73 1190 1112 1279">
     <span class='ocr_line' id='line_1_10' title="bbox 73 1190 1112 1279; baseline 0.002 -20"><span class='ocrx_word' id='word_1_69' title='bbox 73 1190 76 1194; x_wconf 42' lang='lat'><strong><em>¹</em></strong></span> <span class='ocrx_word' id='word_1_70' title='bbox 109 1205 248 1278; x_wconf 87' lang='lat' dir='ltr'><strong>tumque,</strong></span> <span class='ocrx_word' id='word_1_71' title='bbox 272 1220 351 1279; x_wconf 89' lang='lat' dir='ltr'><strong>quae</strong></span> <span class='ocrx_word' id='word_1_72' title='bbox 379 1201 514 1279; x_wconf 92' lang='lat' dir='ltr'><strong>denique</strong></span> <span class='ocrx_word' id='word_1_73' title='bbox 542 1219 646 1261; x_wconf 89' lang='lat' dir='ltr'><strong>amare</strong></span> <span class='ocrx_word' id='word_1_74' title='bbox 668 1218 717 1259; x_wconf 89' lang='lat' dir='ltr'><strong>me</strong></span> <span class='ocrx_word' id='word_1_75' title='bbox 740 1219 779 1259; x_wconf 86' lang='lat' dir='ltr'><strong>ex</strong></span> <span class='ocrx_word' id='word_1_76' title='bbox 803 1205 858 1260; x_wconf 88' lang='lat' dir='ltr'><strong>tua</strong></span> <span class='ocrx_word' id='word_1_77' title='bbox 880 1201 1112 1278; x_wconf 86' lang='lat' dir='ltr'><strong>praedicatione</strong></span> 
     </span>
    </p>

    <p class='ocr_par' dir='ltr' id='par_1_6' title="bbox 74 1307 1159 1490">
     <span class='ocr_line' id='line_1_11' title="bbox 74 1307 1159 1384; baseline 0.006 -21"><span class='ocrx_word' id='word_1_78' title='bbox 74 1307 313 1366; x_wconf 73' lang='lat' dir='ltr'><strong>lconsucverit.</strong></span> <span class='ocrx_word' id='word_1_79' title='bbox 369 1307 453 1367; x_wconf 89' lang='lat' dir='ltr'><strong>Nam</strong></span> <span class='ocrx_word' id='word_1_80' title='bbox 488 1325 558 1366; x_wconf 89' lang='lat' dir='ltr'><strong>curn</strong></span> <span class='ocrx_word' id='word_1_81' title='bbox 586 1312 719 1366; x_wconf 89' lang='lat' dir='ltr'><strong>matrem</strong></span> <span class='ocrx_word' id='word_1_82' title='bbox 747 1325 847 1365; x_wconf 88' lang='lat' dir='ltr'><strong>meam</strong></span> <span class='ocrx_word' id='word_1_83' title='bbox 876 1307 1015 1384; x_wconf 87' lang='lat' dir='ltr'><strong>parentis</strong></span> <span class='ocrx_word' id='word_1_84' title='bbox 1043 1307 1110 1367; x_wconf 91' lang='lat' dir='ltr'><strong>vice</strong></span> <span class='ocrx_word' id='word_1_85' title='bbox 1132 1324 1159 1369; x_wconf 82' lang='lat'><strong>10</strong></span> 
     </span>
     <span class='ocr_line' id='line_1_12' title="bbox 110 1411 1112 1490; baseline 0 -20"><span class='ocrx_word' id='word_1_86' title='bbox 110 1411 270 1486; x_wconf 87' lang='lat' dir='ltr'><strong>verereris,</strong></span> <span class='ocrx_word' id='word_1_87' title='bbox 293 1431 342 1471; x_wconf 90' lang='lat' dir='ltr'><strong>me</strong></span> <span class='ocrx_word' id='word_1_88' title='bbox 364 1430 382 1471; x_wconf 95' lang='lat' dir='ltr'><strong>a</strong></span> <span class='ocrx_word' id='word_1_89' title='bbox 402 1412 538 1490; x_wconf 88' lang='lat' dir='ltr'><strong>pueritia</strong></span> <span class='ocrx_word' id='word_1_90' title='bbox 561 1411 670 1472; x_wconf 87' lang='lat' dir='ltr'><strong>statim</strong></span> <span class='ocrx_word' id='word_1_91' title='bbox 690 1412 835 1486; x_wconf 79' lang='lat' dir='ltr'><strong>formare,</strong></span> <span class='ocrx_word' id='word_1_92' title='bbox 857 1411 984 1471; x_wconf 87' lang='lat' dir='ltr'><strong>laudare</strong></span> <span class='ocrx_word' id='word_1_93' title='bbox 1005 1412 1112 1471; x_wconf 89' lang='lat' dir='ltr'><strong>talem-</strong></span> 
     </span>
    </p>

    <p class='ocr_par' dir='ltr' id='par_1_7' title="bbox 32 1516 1112 1594">
     <span class='ocr_line' id='line_1_13' title="bbox 32 1516 1112 1594; baseline 0.003 -22"><span class='ocrx_word' id='word_1_94' title='bbox 32 1564 34 1572; x_wconf 65' lang='lat'><strong>.</strong></span> <span class='ocrx_word' id='word_1_95' title='bbox 74 1520 89 1565; x_wconf 87' lang='lat'>8</span> <span class='ocrx_word' id='word_1_96' title='bbox 110 1534 171 1594; x_wconf 89' lang='lat' dir='ltr'><strong>que</strong></span> <span class='ocrx_word' id='word_1_97' title='bbox 186 1516 289 1593; x_wconf 90' lang='lat' dir='ltr'><strong>qualis</strong></span> <span class='ocrx_word' id='word_1_98' title='bbox 303 1535 385 1576; x_wconf 89' lang='lat' dir='ltr'><strong>nuno</strong></span> <span class='ocrx_word' id='word_1_99' title='bbox 399 1517 490 1576; x_wconf 84' lang='lat' dir='ltr'><strong>uxori</strong></span> <span class='ocrx_word' id='word_1_100' title='bbox 505 1535 591 1576; x_wconf 87' lang='lat' dir='ltr'><strong>meae</strong></span> <span class='ocrx_word' id='word_1_101' title='bbox 602 1517 710 1575; x_wconf 88' lang='lat' dir='ltr'><strong>videor</strong></span> <span class='ocrx_word' id='word_1_102' title='bbox 721 1516 853 1575; x_wconf 90' lang='lat' dir='ltr'><strong>ominari</strong></span> <span class='ocrx_word' id='word_1_103' title='bbox 869 1517 998 1576; x_wconf 89' lang='lat' dir='ltr'><strong>solebas.</strong></span> <span class='ocrx_word' id='word_1_104' title='bbox 1042 1518 1112 1578; x_wconf 84' lang='lat' dir='ltr'><strong>Cer·</strong></span> 
     </span>
    </p>

    <p class='ocr_par' dir='ltr' id='par_1_8' title="bbox 109 1621 1112 1698">
     <span class='ocr_line' id='line_1_14' title="bbox 109 1621 1112 1698; baseline 0.002 -18"><span class='ocrx_word' id='word_1_105' title='bbox 109 1621 203 1680; x_wconf 87' lang='lat' dir='ltr'><strong>tatim</strong></span> <span class='ocrx_word' id='word_1_106' title='bbox 218 1640 290 1697; x_wconf 88' lang='lat' dir='ltr'><strong>ergo</strong></span> <span class='ocrx_word' id='word_1_107' title='bbox 304 1621 363 1681; x_wconf 89' lang='lat' dir='ltr'><strong>tibi</strong></span> <span class='ocrx_word' id='word_1_108' title='bbox 385 1622 502 1698; x_wconf 86' lang='lat' dir='ltr'><strong>gratias</strong></span> <span class='ocrx_word' id='word_1_109' title='bbox 518 1622 647 1697; x_wconf 86' lang='lat' dir='ltr'><strong>agimus,</strong></span> <span class='ocrx_word' id='word_1_110' title='bbox 663 1639 721 1696; x_wconf 85' lang='lat' dir='ltr'><strong>ego</strong></span> <span class='ocrx_word' id='word_1_111' title='bbox 742 1622 826 1698; x_wconf 92' lang='lat' dir='ltr'><strong>quod</strong></span> <span class='ocrx_word' id='word_1_112' title='bbox 849 1621 937 1682; x_wconf 91' lang='lat' dir='ltr'><strong>illam</strong></span> <span class='ocrx_word' id='word_1_113' title='bbox 952 1622 1039 1697; x_wconf 86' lang='lat' dir='ltr'><strong>mihi,</strong></span> <span class='ocrx_word' id='word_1_114' title='bbox 1055 1623 1112 1682; x_wconf 93' lang='lat' dir='ltr'><strong>illa</strong></span> 
     </span>
    </p>

    <p class='ocr_par' dir='ltr' id='par_1_9' title="bbox 110 1726 1020 1805">
     <span class='ocr_line' id='line_1_15' title="bbox 110 1726 1020 1805; baseline 0 -20"><span class='ocrx_word' id='word_1_115' title='bbox 110 1727 194 1804; x_wconf 88' lang='lat' dir='ltr'><strong>quod</strong></span> <span class='ocrx_word' id='word_1_116' title='bbox 208 1745 257 1786; x_wconf 93' lang='lat' dir='ltr'><strong>me</strong></span> <span class='ocrx_word' id='word_1_117' title='bbox 272 1727 333 1787; x_wconf 90' lang='lat' dir='ltr'><strong>sibi</strong></span> <span class='ocrx_word' id='word_1_118' title='bbox 348 1727 479 1805; x_wconf 87' lang='lat' dir='ltr'><strong>dederis,</strong></span> <span class='ocrx_word' id='word_1_119' title='bbox 495 1727 587 1805; x_wconf 89' lang='lat' dir='ltr'><strong>quasi</strong></span> <span class='ocrx_word' id='word_1_120' title='bbox 602 1727 734 1786; x_wconf 86' lang='lat' dir='ltr'><strong>invicem</strong></span> <span class='ocrx_word' id='word_1_121' title='bbox 751 1726 889 1802; x_wconf 84' lang='lat' dir='ltr'><strong>elegeris</strong></span> <span class='ocrx_word' id='word_1_122' title='bbox 933 1727 1020 1788; x_wconf 89' lang='lat' dir='ltr'><strong>Vale.</strong></span> 
     </span>
    </p>
   </div>
   <div class='ocr_carea' id='block_1_3' title="bbox 421 1899 718 2022">
    <p class='ocr_par' dir='ltr' id='par_1_10' title="bbox 421 1899 718 2022">
     <span class='ocr_line' id='line_1_16' title="bbox 421 1899 718 2022; baseline -0.02 -17"><span class='ocrx_word' id='word_1_123' title='bbox 421 1899 425 1905; x_wconf 28' lang='lat'>³</span> <span class='ocrx_word' id='word_1_124' title='bbox 499 1942 552 2005; x_wconf 86' lang='lat'><strong>52.</strong></span> <span class='ocrx_word' id='word_1_125' title='bbox 580 1942 718 2022; x_wconf 80' lang='lat' dir='ltr'><strong>(xxm)</strong></span> 
     </span>
    </p>
   </div>
   <div class='ocr_carea' id='block_1_4' title="bbox 263 2061 958 2154">
    <p class='ocr_par' dir='ltr' id='par_1_11' title="bbox 263 2061 958 2154">
     <span class='ocr_line' id='line_1_17' title="bbox 263 2061 958 2154; baseline -0.001 -1"><span class='ocrx_word' id='word_1_126' title='bbox 263 2100 294 2153; x_wconf 80' lang='lat' dir='ltr'><strong>O.</strong></span> <span class='ocrx_word' id='word_1_127' title='bbox 318 2102 462 2153; x_wconf 89' lang='lat' dir='ltr'><strong>PLINIUS</strong></span> <span class='ocrx_word' id='word_1_128' title='bbox 486 2101 695 2153; x_wconf 85' lang='lat' dir='ltr'>SEMPRONIO</span> <span class='ocrx_word' id='word_1_129' title='bbox 718 2102 816 2153; x_wconf 85' lang='lat' dir='ltr'><strong>RUFO</strong></span> <span class='ocrx_word' id='word_1_130' title='bbox 840 2061 908 2154; x_wconf 70' lang='lat' dir='ltr'><strong>SUI)</strong></span> <span class='ocrx_word' id='word_1_131' title='bbox 932 2102 958 2153; x_wconf 89' lang='lat' dir='ltr'><strong>S.</strong></span> 
     </span>
    </p>
   </div>
   <div class='ocr_carea' id='block_1_5' title="bbox 272 2239 946 2304">
    <p class='ocr_par' dir='ltr' id='par_1_12' title="bbox 272 2239 946 2304">
     <span class='ocr_line' id='line_1_18' title="bbox 272 2239 946 2304; baseline 0.006 -16"><span class='ocrx_word' id='word_1_132' title='bbox 272 2239 342 2290; x_wconf 80' lang='lat' dir='ltr'><strong>How</strong></span> <span class='ocrx_word' id='word_1_133' title='bbox 354 2241 443 2303; x_wconf 71' lang='lat' dir='ltr'><strong>boldly</strong></span> <span class='ocrx_word' id='word_1_134' title='bbox 454 2241 557 2291; x_wconf 75' lang='lat' dir='ltr'><strong>Juntur</strong></span> <span class='ocrx_word' id='word_1_135' title='bbox 568 2241 707 2292; x_wconf 81' lang='lat' dir='ltr'><strong>Mauricus</strong></span> <span class='ocrx_word' id='word_1_136' title='bbox 718 2243 797 2304; x_wconf 73' lang='lat' dir='ltr'><strong>opole</strong></span> <span class='ocrx_word' id='word_1_137' title='bbox 810 2243 852 2292; x_wconf 74' lang='lat' dir='ltr'><strong>lais</strong></span> <span class='ocrx_word' id='word_1_138' title='bbox 864 2243 946 2292; x_wconf 80' lang='lat' dir='ltr'><strong>mirrd.</strong></span> 
     </span>
    </p>
   </div>
   <div class='ocr_carea' id='block_1_6' title="bbox 29 2369 1192 3712">
    <p class='ocr_par' dir='ltr' id='par_1_13' title="bbox 75 2369 1160 2556">
     <span class='ocr_line' id='line_1_19' title="bbox 75 2369 1160 2450; baseline 0.002 -22"><span class='ocrx_word' id='word_1_139' title='bbox 75 2372 89 2418; x_wconf 94' lang='lat'>1</span> <span class='ocrx_word' id='word_1_140' title='bbox 149 2369 290 2430; x_wconf 84' lang='lat' dir='ltr'><strong>Interfui</strong></span> <span class='ocrx_word' id='word_1_141' title='bbox 310 2372 462 2450; x_wconf 88' lang='lat' dir='ltr'><strong>principis</strong></span> <span class='ocrx_word' id='word_1_142' title='bbox 484 2372 596 2450; x_wconf 90' lang='lat' dir='ltr'><strong>optimi</strong></span> <span class='ocrx_word' id='word_1_143' title='bbox 617 2373 797 2449; x_wconf 87' lang='lat' dir='ltr'><strong>cognitioni,</strong></span> <span class='ocrx_word' id='word_1_144' title='bbox 818 2374 853 2432; x_wconf 90' lang='lat' dir='ltr'><strong>in</strong></span> <span class='ocrx_word' id='word_1_145' title='bbox 874 2373 1039 2434; x_wconf 91' lang='lat' dir='ltr'><strong>consilium</strong></span> <span class='ocrx_word' id='word_1_146' title='bbox 1060 2372 1160 2432; x_wconf 73' lang='lat' dir='ltr'><strong>rad-16</strong></span> 
     </span>
     <span class='ocr_line' id='line_1_20' title="bbox 110 2477 1111 2556; baseline 0.002 -23"><span class='ocrx_word' id='word_1_147' title='bbox 110 2481 262 2553; x_wconf 89' lang='lat' dir='ltr'><strong>sumptus.</strong></span> <span class='ocrx_word' id='word_1_148' title='bbox 306 2477 479 2556; x_wconf 84' lang='lat' dir='ltr'><strong>Gymnicus</strong></span> <span class='ocrx_word' id='word_1_149' title='bbox 494 2496 573 2553; x_wconf 86' lang='lat' dir='ltr'><strong>agon</strong></span> <span class='ocrx_word' id='word_1_150' title='bbox 589 2480 673 2555; x_wconf 88' lang='lat' dir='ltr'><strong>apud</strong></span> <span class='ocrx_word' id='word_1_151' title='bbox 687 2479 881 2540; x_wconf 89' lang='lat' dir='ltr'><strong>Viennenses</strong></span> <span class='ocrx_word' id='word_1_152' title='bbox 896 2498 935 2538; x_wconf 85' lang='lat' dir='ltr'><strong>ex</strong></span> <span class='ocrx_word' id='word_1_153' title='bbox 949 2477 1111 2538; x_wconf 89' lang='lat' dir='ltr'><strong>cuiusdam</strong></span> 
     </span>
    </p>

    <p class='ocr_par' dir='ltr' id='par_1_14' title="bbox 29 2581 1134 2871">
     <span class='ocr_line' id='line_1_21' title="bbox 29 2581 1112 2659; baseline 0 -20"><span class='ocrx_word' id='word_1_154' title='bbox 29 2589 30 2592; x_wconf 76' lang='grc'>’</span> <span class='ocrx_word' id='word_1_155' title='bbox 105 2584 298 2641; x_wconf 87' lang='lat' dir='ltr'><strong>testamento</strong></span> <span class='ocrx_word' id='word_1_156' title='bbox 319 2581 541 2643; x_wconf 87' lang='lat' dir='ltr'><strong>celebrabatur.</strong></span> <span class='ocrx_word' id='word_1_157' title='bbox 584 2583 679 2642; x_wconf 91' lang='lat' dir='ltr'><strong>Hunc</strong></span> <span class='ocrx_word' id='word_1_158' title='bbox 701 2584 873 2644; x_wconf 85' lang='lat' dir='ltr'><strong>Trebonius</strong></span> <span class='ocrx_word' id='word_1_159' title='bbox 896 2583 1039 2659; x_wconf 84' lang='lat' dir='ltr'><strong>Rufinus,</strong></span> <span class='ocrx_word' id='word_1_160' title='bbox 1062 2581 1112 2640; x_wconf 88' lang='lat' dir='ltr'><strong>vir</strong></span> 
     </span>
     <span class='ocr_line' id='line_1_22' title="bbox 109 2687 1112 2765; baseline 0.005 -21"><span class='ocrx_word' id='word_1_161' title='bbox 109 2687 252 2762; x_wconf 84' lang='lat' dir='ltr'><strong>egregius</strong></span> <span class='ocrx_word' id='word_1_162' title='bbox 271 2688 422 2765; x_wconf 90' lang='lat' dir='ltr'><strong>nobisque</strong></span> <span class='ocrx_word' id='word_1_163' title='bbox 440 2689 566 2764; x_wconf 88' lang='lat' dir='ltr'><strong>amicus,</strong></span> <span class='ocrx_word' id='word_1_164' title='bbox 582 2688 616 2748; x_wconf 91' lang='lat' dir='ltr'><strong>in</strong></span> <span class='ocrx_word' id='word_1_165' title='bbox 633 2690 834 2749; x_wconf 90' lang='lat' dir='ltr'><strong>duumviratu</strong></span> <span class='ocrx_word' id='word_1_166' title='bbox 851 2689 1025 2749; x_wconf 89' lang='lat' dir='ltr'><strong>tollendum</strong></span> <span class='ocrx_word' id='word_1_167' title='bbox 1043 2690 1112 2749; x_wconf 83' lang='lat' dir='ltr'><strong>abo</strong></span> 
     </span>
     <span class='ocr_line' id='line_1_23' title="bbox 109 2789 1134 2871; baseline 0.004 -22"><span class='ocrx_word' id='word_1_168' title='bbox 109 2789 299 2870; x_wconf 88' lang='lat' dir='ltr'><strong>lendumque</strong></span> <span class='ocrx_word' id='word_1_169' title='bbox 322 2793 453 2854; x_wconf 87' lang='lat' dir='ltr'><strong>curavit.</strong></span> <span class='ocrx_word' id='word_1_170' title='bbox 503 2795 686 2871; x_wconf 87' lang='lat' dir='ltr'><strong>Negabatur</strong></span> <span class='ocrx_word' id='word_1_171' title='bbox 711 2814 751 2855; x_wconf 88' lang='lat' dir='ltr'><strong>ex</strong></span> <span class='ocrx_word' id='word_1_172' title='bbox 774 2794 1134 2871; x_wconf 74' lang='lat' dir='ltr'><strong>auctoritate‘publica·</strong></span> 
     </span>
    </p>

    <p class='ocr_par' dir='ltr' id='par_1_15' title="bbox 73 2895 1160 3187">
     <span class='ocr_line' id='line_1_24' title="bbox 73 2895 1160 2985; baseline -0.002 -30"><span class='ocrx_word' id='word_1_173' title='bbox 73 2895 230 2985; x_wconf 82' lang='lat' dir='ltr'><strong>2fecisse.</strong></span> <span class='ocrx_word' id='word_1_174' title='bbox 281 2897 357 2975; x_wconf 84' lang='lat' dir='ltr'><strong>Egit</strong></span> <span class='ocrx_word' id='word_1_175' title='bbox 384 2899 452 2977; x_wconf 89' lang='lat' dir='ltr'><strong>ipse</strong></span> <span class='ocrx_word' id='word_1_176' title='bbox 479 2918 605 2960; x_wconf 87' lang='lat' dir='ltr'><strong>causam</strong></span> <span class='ocrx_word' id='word_1_177' title='bbox 632 2921 695 2959; x_wconf 89' lang='lat' dir='ltr'><strong>non</strong></span> <span class='ocrx_word' id='word_1_178' title='bbox 723 2901 826 2961; x_wconf 89' lang='lat' dir='ltr'><strong>minus</strong></span> <span class='ocrx_word' id='word_1_179' title='bbox 854 2899 989 2959; x_wconf 86' lang='lat' dir='ltr'><strong>feliciter</strong></span> <span class='ocrx_word' id='word_1_180' title='bbox 1017 2918 1111 2975; x_wconf 87' lang='lat' dir='ltr'><strong>quarn</strong></span> <span class='ocrx_word' id='word_1_181' title='bbox 1131 2908 1160 2952; x_wconf 77' lang='lat' dir='ltr'><strong>ac</strong></span> 
     </span>
     <span class='ocr_line' id='line_1_25' title="bbox 107 2987 1111 3083; baseline 0.001 -23"><span class='ocrx_word' id='word_1_182' title='bbox 107 2987 234 3062; x_wconf 86' lang='lat' dir='ltr'><strong>diserte.</strong></span> <span class='ocrx_word' id='word_1_183' title='bbox 288 3003 522 3066; x_wconf 83' lang='lat' dir='ltr'><strong>Conmendabat</strong></span> <span class='ocrx_word' id='word_1_184' title='bbox 546 3005 699 3065; x_wconf 87' lang='lat' dir='ltr'><strong>actionem</strong></span> <span class='ocrx_word' id='word_1_185' title='bbox 724 3006 807 3083; x_wconf 93' lang='lat' dir='ltr'><strong>quod</strong></span> <span class='ocrx_word' id='word_1_186' title='bbox 831 3011 991 3082; x_wconf 89' lang='lat' dir='ltr'><strong>tamquam</strong></span> <span class='ocrx_word' id='word_1_187' title='bbox 1019 3003 1111 3062; x_wconf 91' lang='lat' dir='ltr'><strong>homo</strong></span> 
     </span>
     <span class='ocr_line' id='line_1_26' title="bbox 109 3105 1111 3187; baseline 0.002 -23"><span class='ocrx_word' id='word_1_188' title='bbox 109 3105 270 3167; x_wconf 85' lang='lat' dir='ltr'><strong>Romanus</strong></span> <span class='ocrx_word' id='word_1_189' title='bbox 284 3113 316 3167; x_wconf 93' lang='lat' dir='ltr'><strong>et</strong></span> <span class='ocrx_word' id='word_1_190' title='bbox 329 3108 428 3170; x_wconf 91' lang='lat' dir='ltr'><strong>bonus</strong></span> <span class='ocrx_word' id='word_1_191' title='bbox 442 3108 521 3169; x_wconf 88' lang='lat' dir='ltr'><strong>civis</strong></span> <span class='ocrx_word' id='word_1_192' title='bbox 536 3110 569 3169; x_wconf 92' lang='lat' dir='ltr'><strong>in</strong></span> <span class='ocrx_word' id='word_1_193' title='bbox 584 3111 708 3187; x_wconf 86' lang='lat' dir='ltr'><strong>negotio</strong></span> <span class='ocrx_word' id='word_1_194' title='bbox 723 3129 779 3170; x_wconf 92' lang='lat' dir='ltr'><strong>suo</strong></span> <span class='ocrx_word' id='word_1_195' title='bbox 793 3116 914 3169; x_wconf 86' lang='lat' dir='ltr'><strong>mature</strong></span> <span class='ocrx_word' id='word_1_196' title='bbox 929 3114 960 3168; x_wconf 87' lang='lat' dir='ltr'><strong>et</strong></span> <span class='ocrx_word' id='word_1_197' title='bbox 975 3108 1111 3184; x_wconf 88' lang='lat' dir='ltr'><strong>graviter</strong></span> 
     </span>
    </p>

    <p class='ocr_par' dir='ltr' id='par_1_16' title="bbox 65 3211 1167 3502">
     <span class='ocr_line' id='line_1_27' title="bbox 65 3211 1110 3298; baseline 0.004 -30"><span class='ocrx_word' id='word_1_198' title='bbox 65 3215 89 3260; x_wconf 60' lang='lat'><strong>‘3</strong></span> <span class='ocrx_word' id='word_1_199' title='bbox 109 3211 302 3289; x_wconf 88' lang='lat' dir='ltr'><strong>loquebatur.</strong></span> <span class='ocrx_word' id='word_1_200' title='bbox 346 3214 423 3274; x_wconf 86' lang='lat' dir='ltr'><strong>Cum</strong></span> <span class='ocrx_word' id='word_1_201' title='bbox 444 3216 617 3298; x_wconf 87' lang='lat' dir='ltr'><strong>sententiae</strong></span> <span class='ocrx_word' id='word_1_202' title='bbox 637 3220 884 3294; x_wconf 88' lang='lat' dir='ltr'><strong>perrogarentur,</strong></span> <span class='ocrx_word' id='word_1_203' title='bbox 900 3213 981 3273; x_wconf 82' lang='lat' dir='ltr'><strong>dixit</strong></span> <span class='ocrx_word' id='word_1_204' title='bbox 999 3213 1110 3272; x_wconf 90' lang='lat' dir='ltr'><strong>Iunius</strong></span> 
     </span>
     <span class='ocr_line' id='line_1_28' title="bbox 109 3316 1110 3396; baseline 0.001 -21"><span class='ocrx_word' id='word_1_205' title='bbox 109 3316 278 3391; x_wconf 89' lang='lat' dir='ltr'><strong>Mauricus,</strong></span> <span class='ocrx_word' id='word_1_206' title='bbox 301 3337 363 3396; x_wconf 91' lang='lat' dir='ltr'><strong>quo</strong></span> <span class='ocrx_word' id='word_1_207' title='bbox 383 3319 451 3379; x_wconf 85' lang='lat' dir='ltr'><strong>viro</strong></span> <span class='ocrx_word' id='word_1_208' title='bbox 471 3320 553 3379; x_wconf 86' lang='lat' dir='ltr'><strong>nihil</strong></span> <span class='ocrx_word' id='word_1_209' title='bbox 575 3320 705 3396; x_wconf 87' lang='lat' dir='ltr'><strong>firmius,</strong></span> <span class='ocrx_word' id='word_1_210' title='bbox 728 3320 809 3379; x_wconf 92' lang='lat' dir='ltr'><strong>nihil</strong></span> <span class='ocrx_word' id='word_1_211' title='bbox 831 3320 944 3394; x_wconf 88' lang='lat' dir='ltr'><strong>verius,</strong></span> <span class='ocrx_word' id='word_1_212' title='bbox 959 3338 1022 3377; x_wconf 93' lang='lat' dir='ltr'><strong>non</strong></span> <span class='ocrx_word' id='word_1_213' title='bbox 1043 3335 1110 3378; x_wconf 89' lang='lat' dir='ltr'><strong>esse</strong></span> 
     </span>
     <span class='ocr_line' id='line_1_29' title="bbox 108 3423 1167 3502; baseline -0.001 -23"><span class='ocrx_word' id='word_1_214' title='bbox 108 3423 339 3483; x_wconf 85' lang='lat' dir='ltr'><strong>restituendum</strong></span> <span class='ocrx_word' id='word_1_215' title='bbox 353 3425 585 3486; x_wconf 89' lang='lat' dir='ltr'><strong>Viennensibus</strong></span> <span class='ocrx_word' id='word_1_216' title='bbox 599 3445 715 3502; x_wconf 86' lang='lat' dir='ltr'><strong>agona:</strong></span> <span class='ocrx_word' id='word_1_217' title='bbox 739 3425 853 3485; x_wconf 86' lang='lat' dir='ltr'><strong>adiecit</strong></span> <span class='ocrx_word' id='word_1_218' title='bbox 869 3423 1003 3483; x_wconf 78' lang='lat' dir='ltr'><strong>‘vellem</strong></span> <span class='ocrx_word' id='word_1_219' title='bbox 1015 3423 1118 3481; x_wconf 73' lang='lat' dir='ltr'><strong>etiarn</strong></span> <span class='ocrx_word' id='word_1_220' title='bbox 1130 3438 1167 3478; x_wconf 77' lang='lat' dir='ltr'><strong>as</strong></span> 
     </span>
    </p>

    <p class='ocr_par' dir='ltr' id='par_1_17' title="bbox 72 3519 1192 3712">
     <span class='ocr_line' id='line_1_30' title="bbox 72 3519 1140 3614; baseline -0.013 -30"><span class='ocrx_word' id='word_1_221' title='bbox 72 3527 225 3586; x_wconf 63' lang='lat' dir='ltr'><strong>saonae</strong></span> <span class='ocrx_word' id='word_1_222' title='bbox 248 3528 316 3588; x_wconf 83' lang='lat' dir='ltr'><strong>tolli</strong></span> <span class='ocrx_word' id='word_1_223' title='bbox 335 3532 468 3608; x_wconf 67' lang='lat' dir='ltr'><strong>posset!</strong></span> <span class='ocrx_word' id='word_1_224' title='bbox 511 3533 743 3614; x_wconf 56' lang='lat' dir='ltr'><strong>‘Constanterss</strong></span> <span class='ocrx_word' id='word_1_225' title='bbox 767 3532 898 3612; x_wconf 69' lang='lat' dir='ltr'><strong>inquis,</strong></span> <span class='ocrx_word' id='word_1_226' title='bbox 914 3533 975 3586; x_wconf 62' lang='lat' dir='ltr'><strong>‘et</strong></span> <span class='ocrx_word' id='word_1_227' title='bbox 988 3519 1140 3582; x_wconf 52' lang='lat' dir='ltr'><strong>tortam}</strong></span> 
     </span>
     <span class='ocr_line' id='line_1_31' title="bbox 85 3608 1192 3712; baseline -0.005 -28"><span class='ocrx_word' id='word_1_228' title='bbox 85 3627 239 3695; x_wconf 67' lang='lat' dir='ltr'><strong>Quidni?</strong></span> <span class='ocrx_word' id='word_1_229' title='bbox 256 3625 316 3695; x_wconf 81' lang='lat' dir='ltr'><strong>sed</strong></span> <span class='ocrx_word' id='word_1_230' title='bbox 327 3634 392 3701; x_wconf 87' lang='lat' dir='ltr'><strong>boc</strong></span> <span class='ocrx_word' id='word_1_231' title='bbox 406 3659 427 3702; x_wconf 83' lang='lat' dir='ltr'><strong>a</strong></span> <span class='ocrx_word' id='word_1_232' title='bbox 442 3643 600 3712; x_wconf 87' lang='lat' dir='ltr'><strong>Maurico</strong></span> <span class='ocrx_word' id='word_1_233' title='bbox 619 3667 751 3712; x_wconf 79' lang='lat' dir='ltr'><strong>nouum</strong></span> <span class='ocrx_word' id='word_1_234' title='bbox 769 3641 928 3706; x_wconf 73' lang='lat' dir='ltr'><strong>nonest.</strong></span> <span class='ocrx_word' id='word_1_235' title='bbox 964 3628 1080 3688; x_wconf 65' lang='lat' dir='ltr'><strong>Idem</strong></span> <span class='ocrx_word' id='word_1_236' title='bbox 1088 3608 1192 3684; x_wconf 38' lang='lat' dir='ltr'><strong>an&amp;</strong></span> 
     </span>
    </p>
   </div>
   <div class='ocr_carea' id='block_1_7' title="bbox 0 0 1269 3870">
    <p class='ocr_par' dir='ltr' id='par_1_18' title="bbox 0 0 1269 3870">
     <span class='ocr_line' id='line_1_32' title="bbox 0 0 1269 3870; baseline 0 0"><span class='ocrx_word' id='word_1_237' title='bbox 0 0 1269 3870; x_wconf 95' lang='lat' dir='ltr'><strong> </strong></span> 
     </span>
    </p>
   </div>
  </div>
 </body>
</html>
