2512 3870
443 175 713 248 remrunnnuu
727 177 748 227 1
769 177 794 228 5.

525 370 588 393 ⁰¹⁵*-

553 428 592 487 4..
612 426 678 508 (v.)

558 492 596 509 ι,

269 584 298 634 c.
320 584 465 635 numius
485 584 645 636 vooomo
666 584 822 635 souuuo
842 584 910 636 suo
931 585 958 637 s.
1045 567 1048 571 ’

185 731 254 780 How
265 732 416 780 conscience
429 731 506 780 crode
518 745 534 779 o
547 731 653 780 coccord
665 731 697 792 os
705 731 835 793 Regulus,
850 731 893 781 tto
906 732 1043 794 informer.

77 886 90 930 1
151 873 311 935 Vidistine
342 892 531 983 quemqgam
566 875 609 932 M.
641 874 763 950 Regulo
795 875 985 934 timidiorem
1016 877 1114 935 humi·

111 979 221 1039 liorem
249 984 320 1057 post
348 978 522 1039 Domitiani
550 983 706 1040 mortem?
735 981 793 1040 sub
821 999 882 1057 quo
905 1000 968 1040 non
995 982 1117 1040 minora

111 1084 233 1160 flagitia
246 1083 443 1143 commiserat
457 1103 551 1161 quam
566 1084 624 1145 sub
637 1064 772 1161 Nerone,
788 1086 843 1145 sed
860 1085 999 1146 tectiore.
1018 1111 1026 1136 ι
1044 1088 1116 1148 Coe-

110 1191 160 1269 pit
182 1190 283 1250 vereri
310 1209 350 1250 ne
379 1189 451 1251 sibi‘
468 1190 635 1266 irascerer-3
665 1210 722 1250 uec
750 1191 928 1267 fallebatur,
951 1192 1113 1253 irascebar.

75 1309 90 1354 2
111 1296 236 1358 Rustici
263 1296 396 1356 Aruleni
427 1295 600 1374 periculum
628 1298 760 1372 foverat,
786 1298 982 1357 exultaverat
1006 1305 1115 1373 morte,
1136 1312 1150 1355 a

111 1405 188 1464 adeo
209 1409 245 1464 ut
266 1405 381 1465 librum
400 1405 546 1464 recitaret
565 1404 810 1482 publicaretque,
826 1405 859 1463 in
874 1423 935 1481 quo
950 1405 1115 1464 Rusticum

110 1509 282 1570 insectatur
296 1515 390 1588 atque
404 1510 499 1570 etiarn
515 1510 688 1569 Stoicorum
705 1510 828 1568 simiam
842 1508 998 1586 appellat3
1019 1510 1116 1569 adicit

74 1615 284 1691 3Vitelljana
310 1615 454 1675 cicatrice
482 1615 675 1691 stigmosum.
725 1615 879 1691 Agnoscis
905 1615 1113 1692 eloquentiam

47 1720 49 1725 ⁴
109 1721 255 1797 Reguli·
278 1721 410 1781 Lacerat
431 1721 626 1780 Herennium
649 1720 861 1794 Senecionem,
881 1726 946 1778 tam
967 1721 1116 1797 intempe-

110 1831 216 1885 ranter
235 1826 363 1903 quidem
377 1831 413 1885 ut
430 1826 546 1886 dixerit
561 1827 590 1885 ei
605 1826 722 1886 Metius
738 1828 835 1886 Carus
855 1825 948 1902 ‘quid
966 1826 1025 1885 tibi
1044 1845 1114 1885 cum
1136 1842 1164 1886 10

110 1930 188 1991 meis
207 1931 366 1992 mortuis?
388 1932 542 2009 numquid
558 1951 615 2008 ego
630 1934 742 1993 Crasso
757 1937 811 1991 aut
826 1931 990 1992 Camerino
1007 1932 1115 1992 moles-

74 2044 89 2089 4
109 2041 162 2097 tus
180 2037 292 2098 sum?'
313 2057 391 2116 quos
414 2037 469 2097 ille
489 2038 546 2099 sub
566 2039 692 2097 Nerone
711 2044 919 2117 accusaverat.
963 2039 1051 2097 Haeo
1064 2057 1114 2097 me

92 2137 251 2219 'Regulus
279 2134 420 2203 dolenter
446 2143 557 2204 tulisse
585 2143 738 2219 credebat,
765 2143 897 2221 ideoque
921 2143 1016 2202 etiam
1044 2162 1114 2202 cum

110 2247 257 2308 recitaret
285 2247 411 2325 librum,
438 2268 502 2307 non
530 2240 723 2310 adhibuerat.
749 2250 941 2309 'Praeterea
975 2249 1116 2309 reminis·

110 2353 238 2439 oebatur
262 2373 356 2432 quam
381 2354 559 2432 capitaliter
582 2355 687 2432 ipsum
714 2373 764 2414 me
792 2355 876 2431 apud
903 2355 1114 2414 centumviros
1135 2368 1163 2412 lc

72 2457 295 2520 elacessieset.
337 2458 474 2520 Aderam
500 2459 712 2534 Arrionillae.
722 2459 863 2520 Timonis
884 2460 984 2535 uxori,
1004 2465 1115 2536 rogatu
1209 2438 1213 2445 ¹

44 2624 51 2632 ,
109 2560 244 2625 Aruleni
270 2564 412 2642 Rustici;
444 2565 585 2643 Regulus
613 2571 729 2626 contra.
781 2565 970 2625 Nitebamur
999 2584 1054 2626 nos
1080 2566 1114 2624 in

109 2774 255 2838 inexilio
268 2781 345 2851 erat,
359 2795 379 2837 a
392 2776 575 2836 Domitiano
592 2777 756 2852 relegatus.
782 2778 879 2836 {Ecce
896 2776 955 2836 tibi
972 2778 1113 2852 Regulus

111 2881 263 2959 ‘quaero’
293 2880 407 2960 inquit,
437 2881 605 2957 ‘Secunde
618 2896 619 2901 ’
634 2881 712 2960 quid
739 2881 778 2941 de
802 2882 947 2941 Modesto
975 2883 1112 2943 sentias)
1134 2899 1163 2943 no

109 2985 208 3049 Vides
235 2987 320 3065 quod
352 2986 536 3065 periculum,
565 2986 592 3048 si
619 2987 850 3065 respondissem
881 2987 998 3062 ‘bene'
1030 2989 1112 3065 quod

78 3102 83 3109 '
108 3090 275 3169 flagitium,
290 3091 318 3152 si
336 3097 382 3152 ‘m
402 3092 451 3152 le.'
493 3092 566 3153 Non
581 3111 708 3170 possum
722 3091 824 3151 dicere
842 3091 929 3151 aliud
944 3097 1019 3152 tunc
1034 3093 1113 3152 mihi

108 3216 204 3276 quam
226 3198 300 3258 deos
321 3197 470 3258 adfuisse.
514 3197 754 3274 ‘Respondebo'
777 3197 906 3275 inquam
932 3197 974 3258 ‘si
995 3198 1033 3257 de
1054 3198 1113 3258 hoc

108 3303 299 3364 centumviri
315 3290 491 3363 'iudicaturi
516 3303 608 3363 sunt!
629 3342 632 3357 .
651 3303 773 3363 Rursus
799 3303 855 3362 ille
878 3309 1011 3381 ‘quaero
1036 3304 1114 3380 quid

72 3406 149 3468 ode
179 3408 325 3469 Modesto
354 3408 490 3468 sentias!
542 3409 662 3467 Iterum
690 3426 747 3484 ego
772 3412 780 3442 ‘
792 3407 935 3468 solebant
958 3413 1058 3466 testes
1079 3408 1120 3464 'm
1133 3425 1173 3466 es.

39 3548 42 3555 ι
106 3532 183 3588 reos,
197 3532 260 3573 non
277 3513 312 3573 in
330 3514 498 3578 damnatos
518 3514 730 3598 interrogari?
771 3505 1156 3603 'lertxodlefmom'xm

91 3615 172 3689 qvid
191 3617 232 3677 de
249 3620 414 3705 Modesto,
439 3627 501 3691 sed
525 3627 613 3712 quid
634 3628 679 3692 de
700 3626 835 3715 nietate
851 3610 1015 3681 Modesti
1032 3594 1178 3664 semmae*-
