2512 3870
416 156 677 209 nrisrornuom
698 160 744 210 ru.
766 160 805 211 u.
1069 147 1111 211 63

108 326 197 396 Quod
218 326 367 387 admones
389 327 506 403 gratias
527 347 594 406 ago,
617 331 700 407 quod
724 349 814 408 rogas
836 349 955 407 queror.
998 330 1111 390 Admo

108 431 176 490 neri
197 431 281 490 enim
302 432 409 507 deboc,
431 439 467 492 ut
489 433 593 511 sciam,
615 435 717 510 rogari
739 454 799 494 non
822 437 918 495 debeo
939 442 975 495 ut
995 436 1110 496 faciam

72 536 194 613 equod
215 537 294 596 mihi
316 557 379 596 non
403 539 507 598 facere
531 539 748 618 turpissimum
773 547 829 601 est.
873 541 924 601 Au
949 559 1005 618 ego
1028 541 1110 600 tueri

108 641 223 703 Corelli
250 642 349 703 filiam
381 642 547 703 dubitem?
589 646 648 705 Est
680 646 805 723 quidem
837 646 916 705 mihi
938 643 1017 705 'cum
1049 646 1111 707 istc

108 754 216 808 contra
233 767 327 826 quem
343 767 392 808 me
407 749 540 810 advocas
560 769 622 809 non
642 751 734 828 plane
748 751 915 812 familiaris
931 753 986 811 sed
1006 758 1110 811 tamen
1131 765 1145 809 5

72 868 88 913 3
108 853 256 913 amicitia.
299 854 432 914 Accedit
452 855 513 914 huc
535 855 673 931 dignitas
696 856 831 915 hominis
853 862 947 933 atque
969 857 1021 916 hic
1043 858 1111 934 ipse

108 958 159 1018 cui
174 958 349 1019 destinatus
365 965 413 1019 est
431 960 544 1036 honor;
567 961 656 1020 cuius
671 961 761 1021 nobis
778 962 834 1020 hoc
853 962 951 1021 maior·
967 963 1112 1022 habenda

109 1063 285 1124 reverentia
299 1070 348 1124 est
364 1065 448 1141 quod
466 1065 529 1125 iam
543 1065 599 1125 illo
613 1066 716 1125 functi
736 1085 852 1127 sumus.
894 1067 1048 1127 Naturale
1064 1074 1112 1126 est

109 1169 192 1228 enim
206 1175 243 1229 ut
259 1188 296 1230 ea
313 1189 393 1248 quae
411 1171 481 1248 quis
497 1172 630 1248 adeptus
648 1177 696 1231 est
715 1172 782 1250 ipse
803 1190 896 1249 quam
918 1172 1113 1250 amplissima

73 1274 283 1335 4existimari
314 1275 400 1335 velit.
452 1275 513 1335 Sed
547 1276 625 1335 mihi
660 1277 811 1352 cogitanti
846 1278 1029 1338 adfuturum
1064 1293 1163 1338 me10

110 1380 225 1441 Corelli
257 1379 341 1440 filiae
373 1381 478 1440 omnia
511 1381 574 1441 ista
604 1382 722 1458 frigida
752 1387 784 1442 et
818 1383 925 1442 inania
955 1383 1110 1442 videntur.

110 1485 303 1546 Obversatur
330 1486 427 1546 oculis
456 1486 510 1545 ille
535 1487 593 1562 vir,
619 1505 681 1564 quo
708 1488 863 1546 neminem
892 1493 978 1548 aetas
1006 1494 1114 1548 nostra

111 1590 285 1667 graviorem
307 1591 495 1651 sanctiorem
517 1592 713 1652 subtiliorem
734 1593 825 1667 tulit;
851 1611 943 1671 quem
966 1612 1022 1668 ego
1043 1612 1113 1652 cum

111 1714 149 1755 ex
171 1696 377 1756 admiratione
400 1696 530 1773 diligere
551 1697 731 1774 coepissem,
755 1698 838 1775 quod
859 1698 984 1756 evenire
1005 1703 1115 1757 contra

112 1801 200 1877 solet,
223 1801 322 1878 magis
343 1802 515 1862 admiratus
540 1822 618 1878 sum,
639 1808 807 1880 postquam
831 1803 957 1880 penitus
979 1804 1111 1880 inspexi.
1136 1824 1163 1869 15

75 1906 241 1985 oInspexi
268 1906 352 1966 enim
379 1907 521 1985 penitus:
550 1907 632 1966 nihil
661 1926 679 1967 a
706 1927 754 1967 me
782 1908 837 1967 ille
865 1914 1026 1983 secretum,
1051 1928 1114 1967 non

76 2011 256 2087 6ioculare,
282 2031 344 2070 non
374 2012 497 2088 serium,
526 2032 588 2072 non
615 2013 716 2089 triste,
742 2032 804 2072 non
832 2014 958 2073 laetum.
1000 2014 1116 2073 Adule-

113 2117 272 2177 scentulus
294 2135 386 2193 eram,
404 2123 436 2176 et
456 2117 518 2177 iam
540 2118 618 2176 mihi
640 2118 755 2178 abillo
777 2118 875 2177 honor
896 2124 991 2195 atque
1010 2119 1115 2194 etiam,

113 2222 233 2283 audebo
261 2223 372 2298 dicere,
401 2223 577 2283 reverentia
605 2229 641 2282 ut
668 2224 792 2301 aequali
819 2225 1000 2285 habebatur.
1054 2225 1115 2283 Ille
1190 2281 1196 2287 .

113 2347 200 2389 meus
232 2328 266 2387 in
298 2328 442 2406 petendis
474 2328 643 2388 honoribus
669 2329 856 2404 suffragator
880 2334 913 2389 et
937 2330 1038 2405 testis,
1061 2330 1115 2388 ille
1136 2348 1166 2392 20

113 2434 146 2492 in
170 2433 355 2493 incohandis
380 2434 531 2493 deductor
552 2439 584 2492 et
608 2452 720 2509 comes,
742 2435 796 2493 ille
821 2435 854 2493 in
879 2435 1024 2510 gerendis
1048 2454 1116 2495 oon-

114 2538 236 2599 siliator
254 2544 286 2598 et
304 2544 413 2614 rector,
429 2538 483 2597 ille
501 2539 636 2615 denique
654 2539 687 2597 in
704 2540 847 2600 omnibus
862 2539 970 2600 officiis
990 2541 1115 2615 nostris,

114 2663 303 2721 quamquam
324 2649 356 2703 et
377 2643 542 2704 inbecillus
564 2649 596 2703 et
617 2645 728 2720 senior,
744 2645 834 2721 quasi
852 2645 974 2706 iuvenis
995 2652 1026 2705 et
1043 2646 1118 2705 vali-

79 2758 93 2804 7
115 2750 172 2810 dus
194 2749 450 2827 conspiciebatur.
494 2750 650 2820 Quantum
671 2749 726 2808 ille
744 2750 846 2809 famae
867 2769 954 2810 meae
976 2751 1068 2825 domi,
1083 2752 1117 2809 in

79 2867 94 2911 8
114 2855 248 2931 public0,
261 2861 414 2932 quantum
428 2855 522 2914 etiam
538 2856 622 2933 apud
636 2855 809 2932 principem
824 2855 999 2915 adstruxit!
1035 2855 1117 2914 Nam
1138 2876 1167 2920 25

115 2979 185 3019 cum
200 2962 282 3019 forte
300 2961 338 3019 de
354 2959 444 3019 bonis
459 2959 624 3020 iuvenibus
639 2961 722 3037 apud
741 2960 880 3018 Nervam
898 2960 1117 3036 imperatorem

116 3085 215 3126 sermo
232 3066 396 3126 incidisset
414 3072 446 3125 et
461 3066 603 3143 plerique
621 3085 671 3124 me
690 3065 836 3125 laudibus
857 3066 986 3140 ferrent,
1004 3065 1118 3143 paulis-

115 3190 170 3249 per
190 3191 222 3231 se
242 3171 326 3231 intra
345 3170 506 3230 silentium
523 3171 634 3245 tenuit,
655 3170 738 3247 quod
757 3170 806 3228 illi
826 3170 995 3247 plurimum
1016 3176 1118 3230 aucto-

115 3276 220 3336 ritatis
245 3276 396 3352 addebat3
423 3275 536 3334 deinde
561 3276 714 3351 gravitate
740 3294 832 3352 quam
857 3294 948 3334 noras
975 3280 1118 3334 ‘necesse

116 3384 180 3443 est'
202 3382 306 3459 inquit
328 3381 469 3458 ‘parcius
494 3381 617 3440 laudem
644 3381 829 3454 Secundum,
852 3381 926 3458 quia
950 3380 1031 3439 nihil
1056 3380 1117 3440 nisi
1139 3402 1167 3447 30

80 3501 96 3546 9
116 3507 155 3547 ex
175 3487 306 3547 consilio
326 3504 396 3545 meo
416 3486 514 3546 facit!
556 3486 626 3560 Qua
640 3505 718 3548 voce
737 3485 857 3547 tribuit
873 3485 962 3543 milix
976 3490 1142 3559 duantum

99 3596 211 3664 petere
227 3598 300 3653 roto
318 3593 520 3661 inmodicum
543 3604 625 3678 erat,
637 3597 730 3661 nibil
747 3616 803 3658 me
822 3594 938 3655 iacere
954 3605 1029 3646 non
1042 3578 1176 3650 nomm·
