2512 3870
153 164 196 229 40
564 175 608 228 ὀ.
629 178 729 229 rann

152 348 248 423 nium,
264 349 446 409 incredibile
462 350 609 425 studium,
625 369 745 411 summa
758 350 931 426 vigilantia
974 351 1155 410 Lucubrare

152 455 378 515 Vulcanalibus
406 455 585 533 incipiebat,
607 475 668 515 non
695 456 877 533 auspicandi
899 474 993 516 causa
1014 457 1070 516 sed
1092 462 1156 516 stu-

153 560 255 635 dendi,
271 561 379 620 statim
394 580 412 620 a
426 567 516 620 nocte
530 561 638 636 multa,
653 561 755 620 hieme
768 580 843 621 vero
858 562 896 621 ab
914 561 992 621 hora
1008 561 1154 639 septima,
1202 610 1206 629 ,

133 674 136 679 ’
152 667 202 725 vel
214 671 283 725 curn
296 667 483 742 tardissime,
496 662 614 742 octava,
627 686 720 744 saepe
732 673 829 727 sexta.
872 668 950 727 Erat
964 685 1038 727 sane
1050 667 1154 727 somni

33 770 35 777 ’
116 782 131 826 5
152 772 352 849 paratissimi,
364 791 427 831 non
441 792 613 848 nmnquam
627 773 722 832 etiam
737 772 819 832 inter
834 773 904 850 ipsa
918 772 1023 843 studia
1036 771 1156 833 instan-

151 878 194 937 tis
209 884 240 937 et
255 878 434 937 deserentis.
478 878 560 937 rlnte
576 878 676 937 lucem
691 879 757 937 ibat
768 879 808 938 ad
818 879 1048 956 Vespasianum
1058 878 1155 957 impe·
1172 890 1188 939 9

151 988 286 1041 retorem
312 994 397 1061 (nam
424 983 479 1041 illo
499 1001 626 1060 quoque
650 984 793 1044 noctibus
820 985 991 1065 utebatur),
1016 983 1089 1063 inde
1113 984 1154 1043 ad

152 1088 328 1162 delegatum
344 1088 404 1148 sibi
418 1088 560 1166 officium.
603 1089 759 1149 Reversus
775 1090 909 1165 domum,
925 1090 1009 1165 quod
1022 1088 1154 1149 relicum
1228 1092 1231 1097 ’

151 1194 310 1272 temporis,
327 1194 440 1254 studiis
454 1195 613 1267 reddebat.
657 1196 734 1255 Post
751 1195 854 1255 cibum
877 1214 978 1276 saepe,
994 1214 1087 1273 quem
1109 1195 1154 1254 in-
1174 1205 1202 1252 lo

50 1286 53 1291 ’
103 1310 131 1355 10
151 1299 255 1358 terdiu
269 1299 370 1357 levem
389 1305 421 1358 et
442 1299 567 1359 facilem
588 1307 729 1359 veterum
750 1319 834 1360 more
856 1301 1007 1377 smnebat,
1021 1306 1153 1377 aestate,

152 1405 179 1463 si
201 1405 278 1482 quid
300 1404 366 1478 otii,
389 1404 510 1465 iacebat
534 1405 568 1463 in
590 1405 664 1479 sole,
687 1405 767 1465 liber
790 1407 959 1482 legebatur,
982 1407 1155 1466 adnotabat

152 1510 405 1587 excerpebatque.
448 1510 541 1568 Nihil
562 1510 644 1569 onim
668 1511 744 1586 legit
766 1512 849 1588 quod
870 1531 933 1570 non
953 1517 1153 1589 excerperet:

126 1610 130 1625 ¹
151 1615 254 1675 dicere
269 1615 363 1675 etiam
385 1614 504 1674 solebat
524 1614 646 1674 nullum
668 1636 735 1675 osse
756 1617 870 1676 librum
893 1623 958 1677 tam
978 1616 1096 1676 malum
1117 1622 1156 1677 ut

58 1782 61 1788 ,
150 1740 214 1780 non
228 1720 335 1798 aliqua
354 1727 441 1798 parte
463 1721 633 1798 prodesset.
680 1723 754 1781 l'ost
775 1722 872 1782 solem
893 1723 1076 1800 plerumque
1098 1722 1156 1780 fri·
1176 1732 1203 1781 11

102 1840 130 1885 15
151 1827 224 1902 gida
237 1826 416 1886 lavabatur:
440 1826 552 1885 deinde
561 1827 707 1901 gustabat
722 1826 955 1905 dormiebatque
969 1827 1153 1888 minimum:

150 1951 222 1992 mox
233 1931 323 2009 quasi
339 1932 400 1991 alio
412 1931 462 1991 die
474 1932 620 1991 studebat
634 1932 667 1990 in
677 1950 769 1991 conae
781 1939 912 2011 tempus.
957 1935 1057 2011 Super
1070 1933 1156 1993 hano
1184 1952 1195 1961 ·

150 2037 230 2097 liber
244 2037 414 2111 legebatur,
430 2037 646 2111 adnotabatur,
661 2044 693 2096 ct
708 2038 833 2114 ‹prirlom
852 2024 974 2098 ‹mrsim
1018 2038 1156 2098 Monuni
1176 2050 1205 2097 lr

150 2143 305 2219 quendam
326 2160 365 2199 ex
385 2141 589 2216 orniciacum
609 2142 706 2201 lector
727 2145 880 2220 quaedam
901 2163 1064 2221 perperam
1084 2138 1158 2221 pro-

149 2247 335 2320 nuntiasset,
351 2265 511 2306 revocasse
533 2252 565 2305 et
585 2248 685 2324 repeti
706 2248 852 2324 coegisse,
867 2248 941 2307 huic
962 2249 1157 2309 avunculrnn

100 2365 130 2411 ao
149 2372 253 2412 meum
267 2352 384 2411 dixisse
401 2352 617 2412 ‘intellexeras
632 2371 742 2430 nempe
755 2354 788 2411 '3'
810 2372 879 2413 oum
901 2353 956 2412 ille
977 2353 1154 2430 adnuisset,

150 2464 158 2493 ‘
166 2476 222 2517 cur
236 2476 308 2533 ergo
319 2457 510 2516 revocabas?
534 2458 639 2517 decem
651 2458 785 2535 amplius
796 2478 905 2519 versus
919 2458 977 2519 hac
992 2464 1047 2519 tua
1057 2458 1156 2519 inter·
1239 2440 1243 2449 ¹

93 2583 120 2629 ῃ
148 2563 319 2642 pellatione
334 2562 548 2640 perdidimus!
590 2564 692 2623 Tanta
705 2569 773 2623 erat
787 2565 978 2641 parsimonia
987 2566 1153 2642 temporis.
1176 2580 1204 2627 1³

150 2669 302 2744 Surgebat
316 2674 434 2728 aestate
449 2687 468 2727 a
482 2687 559 2727 cena
572 2668 650 2744 luce,
666 2668 767 2729 hieme
787 2669 871 2730 intra
889 2648 1022 2748 primam
1037 2672 1154 2749 noetis,

148 2781 181 2834 et
195 2782 353 2851 tamquam
368 2773 476 2850 aliqua
489 2773 556 2849 lege
576 2780 713 2849 cogente.
756 2775 844 2835 Haec
865 2775 948 2835 inter
968 2776 1088 2837 medios
1109 2776 1156 2839 la·

98 2894 128 2939 25
148 2881 238 2940 bores
252 2879 400 2960 urbisque
415 2878 584 2938 fremitum.
627 2880 667 2937 In
682 2898 805 2940 secessu
819 2880 920 2940 solum
936 2880 1056 2941 balinei·
1074 2886 1155 2943 tom-
1176 2894 1204 2941 14

149 3005 206 3063 pus
222 2985 336 3046 studiis
352 2984 562 3043 eximebatur:
585 3003 656 3043 oum
670 2985 740 3044 dico
754 2985 880 3061 balinei,
893 2986 932 3045 de
946 2985 1154 3051 interioribus

147 3092 274 3168 loquor,
296 3110 368 3150 nam
386 3091 460 3148 dum
481 3090 688 3166 destringitur
708 3091 912 3169 tergiturque,
927 3092 1075 3153 audiebat
1096 3092 1155 3153 ali-

147 3197 224 3275 quid
239 3201 293 3256 aut
307 3196 453 3255 dictabat.
496 3196 536 3254 In
552 3195 665 3255 itinere
680 3196 769 3273 quasi
787 3196 908 3257 solutus
930 3197 1043 3257 ceteris
1064 3198 1154 3261 curis
1174 3208 1202 3255 rt

146 3302 220 3362 huic
234 3301 289 3360 uni
301 3301 447 3361 vacabat:
471 3301 608 3361 adlatus
623 3301 763 3362 notarius
779 3320 849 3361 cum
863 3302 944 3363 libro
964 3307 997 3361 et
1017 3302 1155 3381 pugilla-

98 3421 128 3467 3ο
146 3407 242 3481 ribus,
266 3407 353 3466 ouius
378 3425 488 3466 manus
512 3406 616 3465 hieme
641 3406 772 3467 manicis
797 3407 1026 3482 muniebantur,
1049 3414 1085 3468 ut
1110 3430 1153 3473 ne

127 3511 213 3569 caeli
233 3511 365 3589 quidem
391 3513 551 3594 asperitas
573 3512 678 3573 ullum
704 3512 821 3575 studiis
845 3518 972 3591 tempus
995 3512 1157 3590 eriperet,
1226 3530 1233 3539 ·

106 3630 175 3688 qua
205 3635 248 3676 ex
279 3617 383 3685 causa
410 3624 543 3687 Romae
565 3640 701 3706 quoque
722 3618 807 3682 sella
822 3616 1013 3677 vellebatur.
1045 3612 1181 3690 usqam
1194 3626 1231 3671 m
