2512 3870
150 156 217 239 36ι
579 167 609 218 o.
630 167 730 216 emm

150 341 340 417 frequenter,
363 340 446 416 quod
467 340 545 399 iram
567 341 703 417 deorum,
726 362 803 417 quos
826 342 895 419 ipse
919 342 1034 402 cotidie
1057 343 1152 401 fallit.

149 447 183 505 in
208 453 302 524 eaput
326 445 463 504 infelicis
492 446 580 522 pueri
605 447 788 506 detestatur.
841 447 982 509 Velleius
1011 449 1185 522 Blaesus?

150 552 205 610 ille
230 551 368 628 locuples
393 551 574 625 consularis,
596 552 768 612 novissima
792 553 972 612 valetudiue
997 553 1154 613 conflicta-

149 658 258 718 batur:
280 657 425 734 cupiebat
440 662 560 715 mutare
579 663 809 717 testamentum.
852 657 1002 734 Regulus,
1018 660 1072 737 qui
1088 679 1153 737 spe-

115 777 129 821 5
150 769 232 822 raret
254 762 374 839 aliquid
396 780 434 819 ex
456 762 544 821 novis
566 762 691 837 tabulis,
714 762 789 840 quia
811 783 911 841 nuper
931 770 1056 842 captare
1081 784 1152 823 eum

150 873 301 944 coeperat,
317 866 453 925 medicos
475 866 602 942 hortari,
621 887 728 943 rogare
750 887 874 945 quoquo
894 870 986 928 modo
1004 870 1151 947 spiritum

150 972 271 1031 homini
291 977 502 1049 prorogarent.
545 973 717 1049 Postquam
739 973 897 1048 signatum
919 980 968 1034 est
988 981 1153 1035 testamen·
1172 994 1187 1039 8

150 1084 227 1151 tum,
256 1083 357 1136 mutat
392 1096 565 1153 personam,
594 1077 690 1136 vertit
724 1078 962 1153 adlocutionem,
991 1079 1152 1157 isdemque
1237 1084 1240 1089 '

151 1183 280 1241 medicis
310 1188 487 1258 ‘quousque
515 1182 662 1241 miserum
691 1183 867 1242 cruciatis?
897 1184 974 1260 quid
1003 1185 1152 1244 invidetis

104 1289 232 1351 lebona
259 1293 357 1345 morte
386 1287 435 1345 eui
463 1287 536 1345 dare
565 1288 663 1346 vitam
691 1308 754 1346 uon
785 1289 962 1366 potestis?'
1018 1290 1154 1350 Moritur

152 1395 292 1467 Blaesus,
315 1398 346 1451 et
367 1398 526 1470 tamquam
549 1393 654 1452 omnia
676 1394 824 1469 audisset,
846 1396 968 1469 Regulo
990 1415 1029 1454 ue
1052 1402 1155 1456 tantu-

152 1500 218 1558 lum
245 1499 380 1576 quidem.
438 1498 602 1558 Sufficiunt
630 1501 708 1558 dnae
737 1501 871 1575 fabulae,
901 1520 940 1560 an
968 1501 1191 1568 scholasticae

153 1606 220 1681 lege
249 1605 374 1663 tertiam
403 1604 532 1682 poscis?
575 1611 623 1664 est
652 1606 733 1664 uncle
766 1606 830 1664 fiat.
882 1605 1020 1679 Aurelia,
1045 1614 1205 1670 ornatam

153 1711 279 1784 femina,
302 1710 463 1785 signatura
483 1716 706 1770 testamentum
730 1717 905 1787 sumpserat
927 1711 1155 1788 pulcherrimas

105 1833 133 1878 15
152 1816 283 1876 tunicas.
339 1797 479 1890 Regulus
504 1835 573 1874 cum
599 1815 738 1874 venisset
751 1816 801 1874 au
826 1816 1023 1892 signandum,
1047 1818 1155 1893 ‘rogo'

152 1922 257 1999 inquit
272 1922 346 1980 ‘has
364 1921 442 1979 milri
465 1922 568 1995 leges!
611 1921 741 1980 Aurelia
760 1921 867 1980 ludere
890 1922 1046 1981 bemineru
1068 1929 1208 2000 puta-11

153 2028 215 2102 bat,
228 2027 282 2086 ille
298 2028 379 2087 serio
393 2027 546 2086 instabat:
569 2046 607 2085 ne
622 2027 730 2100 multa,
742 2026 844 2101 coegit
858 2027 1021 2086 mulierem
1035 2028 1158 2105 aperire

153 2133 276 2192 tabulas
291 2152 325 2192 ac
341 2132 401 2191 sibi
420 2132 541 2217 tunicas
561 2152 638 2208 quas
657 2138 724 2190 erat
744 2132 855 2191 induta
872 2132 992 2208 legare:
1014 2134 1159 2193 observa·

154 2239 202 2297 rit
223 2238 417 2312 scribentem,
436 2237 575 2314 inspexit
595 2256 635 2296 an
657 2237 841 2314 scripsisset.
884 2239 927 2296 Et
943 2237 1074 2297 Aurelia
1092 2238 1161 2315 qui·

106 2361 135 2407 20
155 2344 226 2403 deni
245 2343 335 2417 vivit,
355 2342 408 2401 ille
429 2348 533 2401 tamen
555 2343 641 2402 istud
661 2348 822 2420 tamquam
843 2343 1026 2403 morituram
1046 2344 1159 2420 coegit.

154 2450 198 2509 Et
222 2439 273 2507 tie
297 2448 497 2522 hereditates,
519 2448 570 2506 hie
595 2449 706 2522 legata,
733 2449 823 2524 quasi
845 2455 1010 2525 mereatur,
1032 2448 1160 2526 accipit.

155 2554 249 2615 Ἀλλὰ
263 2558 293 2615 τί
307 2555 470 2629 διατείνομαι
484 2553 517 2611 iu
536 2573 572 2611 ea
589 2554 725 2627 civitate,
741 2554 774 2612 in
793 2573 855 2630 qua
874 2554 1075 2631 iampridem
1095 2574 1162 2615 non
1185 2573 1212 2617 12

126 2650 130 2657 ¹
156 2661 277 2720 minora
301 2659 447 2737 praemia,
473 2659 568 2716 immo
592 2659 718 2733 maiora,
743 2659 886 2736 nequitia
913 2666 945 2719 et
972 2660 1163 2737 improbitas

72 2784 76 2791 ·
156 2786 250 2843 quarn
272 2766 372 2842 pudor
397 2769 428 2823 et
448 2764 550 2822 virtus
575 2763 717 2822 habent?
775 2764 889 2840 Aspice
914 2765 1080 2839 Regulum,
1104 2766 1163 2843 qui
1185 2784 1213 2829 13

108 2890 137 2937 25
157 2890 195 2930 ex
215 2889 351 2949 paupere
365 2874 397 2928 ct
411 2869 498 2928 tenui
517 2869 557 2927 ad
577 2874 680 2928 tantas
700 2887 773 2945 opes
792 2888 847 2946 per
866 2869 989 2944 flagitia
1008 2872 1165 2946 processit
1243 2870 1246 2875 “

157 2982 193 3036 ut
207 2977 274 3053 ipse
289 2975 368 3034 mihi
383 2974 506 3049 dixerit,
521 2993 590 3033 cum
606 2974 781 3033 consuleret
796 2994 890 3050 quarn
905 2974 967 3034 cito
979 2976 1163 3035 sestertium

158 3081 326 3142 sescenties
354 3080 530 3156 inpleturus
559 3086 649 3153 esset,
675 3079 833 3139 invenisse
859 3099 891 3139 se
914 3087 987 3139 exta
1011 3080 1165 3158 duplicia,

158 3187 270 3264 quibus
292 3185 437 3262 portendi
459 3185 559 3244 milies
582 3190 613 3242 ct
635 3184 795 3243 ducenties
817 3184 1006 3243 habiturum.
1049 3186 1094 3245 Et
1110 3186 1167 3247 ha
1188 3210 1214 3255 ll

157 3293 253 3366 bebit,
276 3291 302 3351 si
327 3290 426 3364 modo,
453 3295 488 3349 ut
516 3289 626 3366 coepit,
652 3289 755 3349 aliena
781 3294 979 3364 testamenta,
1005 3291 1090 3366 quod
1114 3298 1168 3353 est

107 3420 139 3466 30
158 3396 415 3474 inprobissimum
435 3413 531 3469 genus
550 3394 634 3468 falsi,
652 3380 877 3471 ipsis'quorum
898 3400 972 3454 sunt
990 3393 1048 3454 illa
1066 3395 1193 3459 dicta*
1219 3382 1246 3399 Ἰ

147 3502 236 3560 verit
287 3501 371 3563 Vale,
