2512 3870
1046 116 1072 145 »⁴
1180 120 1185 126 .

107 180 148 243 98
522 190 552 240 e.
579 191 678 240 00011

104 363 227 439 longius
240 363 349 441 primo,
362 364 475 423 deinde
490 384 506 423 e
518 365 660 442 proximo
671 365 878 425 reddebatur:
900 385 973 425 mox
984 385 1111 444 appare-

104 468 159 528 bat
180 469 295 543 idolon,
311 488 406 529 senex
425 469 522 529 macie
544 476 576 529 et
597 471 740 548 squalore
762 472 933 546 confectus,
955 472 1110 548 promissa

104 573 208 648 barba,
220 574 360 632 horrenti
375 575 505 651 capillo:
529 576 669 635 cruribus
684 577 857 653 compedes,
870 576 1014 636 manibus
1029 583 1109 636 cate·
1191 563 1197 577 ”

103 698 159 739 nas
183 681 310 754 gerebat
334 680 563 758 quatiebatque.
588 682 696 740 ‹Inde
721 681 971 741 inhabitantibus
999 683 1139 742 tristeso

69 798 84 841 0
104 785 251 862 diraeque
263 791 369 845 noctes
381 805 436 862 per
448 792 564 846 metum
576 786 803 862 vigilabantur:
827 787 968 862 vigiliam
980 789 1105 848 morbus

103 896 135 950 et
154 897 310 951 crescente
332 891 500 980 formidine
521 911 604 951 mors
626 893 820 969 sequebatur.
863 893 946 951 Nam
968 858 1105 977 interdiu

102 1001 234 1073 quoque,
249 1015 438 1073 quamquam
456 997 647 1056 abscesserat
664 997 774 1072 image,
790 997 941 1057 memoria
958 997 1104 1074 imaginis
1130 977 1133 981 ¹

102 1101 200 1160 oeulis
228 1100 396 1176 inerrabat,
424 1101 606 1179 longiorque
631 1102 733 1161 causis
758 1102 880 1161 timoris
905 1102 1000 1161 timor
1027 1109 1101 1162 erat,
1134 1120 1146 1137 -·

102 1207 235 1265 Deserta
259 1206 333 1264 inde
358 1212 389 1264 et
413 1207 561 1266 damnata
585 1206 753 1266 solitudine
774 1206 884 1266 domus
906 1212 1034 1284 totaque
1054 1207 1102 1266 illi

55 1320 84 1367 10
103 1316 241 1370 monstro
262 1311 386 1386 relicta,
415 1310 666 1388 proscribebatur
686 1317 800 1386 tamen,
820 1330 876 1371 seu
900 1312 971 1389 quis
992 1330 1101 1386 emere,

102 1436 158 1476 seu
185 1417 256 1494 quis
283 1417 454 1475 conducere
483 1417 609 1492 ignarus
637 1417 718 1476 tanti
746 1417 821 1476 mali
849 1417 954 1477 vellet.
984 1396 1134 1479 svenicr

102 1521 245 1581 Athenas
269 1521 474 1598 philosophus
498 1515 728 1596 Athenodorus
754 1522 831 1598 legit
858 1522 997 1598 titulum,
1020 1524 1103 1583 audi-

102 1633 196 1704 toque
217 1602 326 1703 pretio,
349 1612 427 1704 quia
443 1633 589 1704 suspecta
610 1627 725 1704 vilitas,
748 1634 977 1704 percunctatus,
999 1629 1102 1688 omnia

102 1733 230 1791 docetur
258 1751 292 1791 ae
320 1731 420 1790 nihilo
447 1733 560 1807 minus,
582 1732 677 1791 immo
704 1739 793 1792 tanto
821 1733 919 1808 magis
947 1734 1126 1817 conducit!

54 1855 82 1899 15
102 1837 167 1899 Ubi
181 1837 285 1914 coepit
299 1837 566 1913 advesperascere,
582 1837 668 1897 iubet
682 1841 780 1897 sterni
796 1839 856 1898 sibi
872 1839 974 1916 prima
991 1839 1101 1899 domus

101 1949 199 2020 pa1te,
225 1943 326 2019 poscit
350 1941 521 2019 pugillares
550 1941 657 2001 stilum
683 1943 805 2002 lumen:
837 1962 909 2003 suos
934 1962 1042 2004 omnes
1069 1943 1102 2003 in

101 2032 251 2107 interiora
274 2047 418 2121 dimittit,
442 2047 509 2123 ipse
537 2046 577 2105 ad
605 2048 801 2107 scribendum
831 2047 970 2107 animum
997 2048 1101 2109 oculos

101 2171 227 2211 manum
256 2152 401 2224 intendit,
431 2171 469 2210 ne
499 2171 596 2211 vacua
624 2172 711 2212 mens
740 2153 848 2212 audita
875 2151 1044 2213 simulacra
1071 2159 1103 2214 et
1149 2141 1152 2146 ’

101 2258 209 2317 inanes
232 2257 291 2317 sibi
313 2262 414 2316 metus
435 2256 575 2331 fingeret.
619 2258 725 2332 Initi0,
748 2257 840 2335 quale
864 2257 989 2335 ubique,
1011 2258 1104 2318 silen-
1122 2272 1138 2319 8

52 2362 181 2427 00011110
202 2363 311 2437 noctis,
334 2362 408 2421 dein
429 2362 551 2421 concuti
576 2363 704 2436 ferrum,
727 2363 852 2422 vincula
875 2363 1010 2423 moveri:
1047 2363 1102 2424 1110

100 2487 163 2526 000
187 2468 296 2526 0011010
321 2467 435 2541 0011100,
458 2486 520 2525 000
545 2467 703 2526 remittere
725 2448 843 2540 stilum,
869 2467 925 2527 sed
949 2467 1103 2529 offirmare

101 2574 238 2632 animum
253 2573 442 2650 auribusque
458 2573 677 2649 praetendere:
701 2578 768 2630 turn
779 2571 971 2632 crebrescere
985 2573 1114 2670 fragm„

101 2679 279 2751 adventare,
295 2684 327 2737 et
341 2678 403 2736 1010
418 2677 501 2735 utin
516 2677 632 2751 limine,
644 2677 706 2736 iam
722 2683 758 2735 ut
772 2677 855 2735 intra
869 2677 965 2736 limen
980 2679 1101 2739 audiri:

101 2784 238 2861 respicit,
258 2783 346 2841 videt
367 2783 568 2859 agnoscitque
590 2788 748 2841 narratam
769 2781 830 2841 sibi
851 2781 992 2858 effigiem.
1037 2784 1105 2845 Sta-
1124 2797 1140 2843 9

52 2906 81 2951 25
102 2890 155 2949 bat
179 2889 389 2965 innuebatque
415 2887 522 2962 digito,
549 2887 661 2946 similis
685 2886 826 2946 vocanti:
859 2886 911 2946 hie
933 2894 1043 2949 eontra
1067 2896 1105 2950 ut

101 2995 227 3072 paulum
254 2999 448 3071 exspectaret
470 3012 564 3052 manu
589 2991 745 3068 signifieat
773 3011 942 3070 rursusque
966 2994 1047 3055 ceris
1071 3001 1105 3055 et
1190 3063 1195 3077 ι
1246 3026 1251 3035 ¹

101 3100 175 3160 stilo
197 3100 365 3158 incumbit:
395 3099 451 3158 illa
472 3098 637 3158 scribentis
658 3096 757 3181 capiti
777 3098 896 3158 catenis
916 3097 1104 3161 insonabat:

101 3206 229 3282 respicit
243 3224 348 3265 rursus
366 3205 448 3264 idem
466 3204 549 3280 quod
571 3203 656 3280 prius
678 3203 870 3291 innuentem,
885 3221 942 3262 nec
962 3210 1106 3266 moratus

101 3311 186 3370 tollit
210 3311 316 3370 lumen
340 3317 371 3369 et
394 3309 568 3387 sequitur.)¹
594 3309 667 3367 Ibat
694 3308 751 3367 illa
774 3308 860 3367 leuto
882 3308 990 3384 gradu,
1011 3311 1107 3387 quasi
1128 3334 1158 3380 10
1202 3296 1204 3301 ¹

29 3438 31 3442 ⁸
52 3434 82 3478 30
99 3417 205 3492 gravis
230 3415 381 3474 vinculis:
404 3420 570 3492 postquam
596 3412 724 3472 deflexit
748 3414 781 3471 in
802 3432 906 3472 aream
925 3414 1047 3491 domus,
1062 3434 1110 3475 re-

33 3560 35 3565 ·
75 3527 180 3593 pente
197 3522 326 3601 dilapsa
348 3521 471 3585 deserit
492 3519 660 3607 comitem:
683 3519 828 3579 desertus
839 3518 959 3576 herbas
975 3523 1013 3575 00
1024 3518 1115 3580 ‘iulia
1185 3509 1189 3516 ⁴

73 3635 241 3706 eoneerpca
257 3631 396 3710 signum
414 3632 489 3713 loco
508 3629 618 3711 pouit.
658 3627 803 3686 Postero
818 3619 875 3679 die
889 3615 1142 3687 admissa-dissue,
1155 3634 1193 3692 m,

1227 466 1237 495 Ι
