2512 3870
463 180 722 230 rrrs‘rumnun
746 179 796 229 111.
819 179 857 229 rs.
1111 167 1153 229 49

148 350 242 426 fama,
257 349 334 411 haec
349 351 437 412 nulla
451 352 639 411 circumfert.
684 353 772 411 Unde
788 351 947 426 colligitur
962 352 1045 428 quod
1059 349 1153 410 initio
1243 384 1245 390 ·

148 454 224 532 dixi,
239 456 303 516 alia
317 475 384 517 esse
399 457 531 518 clariora
545 457 608 517 alia
622 457 745 517 maiora.
788 457 875 518 Vale.

530 688 583 750 aa
612 686 765 768 (xviri.)

325 846 354 897 c.
380 835 526 897 samius
549 846 660 898 cunio
684 811 828 897 savaro
852 847 920 898 suo
943 849 969 899 s.

146 990 238 1042 About
254 991 296 1042 tte
315 992 472 1055 Panegyris,
493 993 548 1043 arrd
568 993 625 1042 tow
644 993 751 1054 Pliny's
769 993 876 1055 friends
895 994 1007 1043 listened
1023 999 1050 1044 to
1067 995 1090 1045 it
1101 995 1151 1057 for

343 1076 346 1084 '
563 1083 635 1134 ttree
652 1083 724 1145 daps.

110 1210 125 1255 1
188 1195 330 1257 Officium
345 1197 526 1257 consulatus
548 1197 688 1257 iniunxit
700 1176 788 1256 milii
810 1204 846 1257 ut
867 1198 912 1257 rei
933 1198 1077 1276 publicae
1098 1218 1150 1258 no

146 1303 229 1362 mine
244 1303 380 1381 principi
396 1304 514 1380 gratias
528 1322 660 1379 agerem.
704 1304 792 1374 erod
814 1322 870 1380 ego
892 1304 924 1362 in
947 1310 1058 1363 senatu
1079 1323 1149 1363 cum

146 1407 186 1467 ad
200 1408 353 1469 rationem
373 1415 405 1468 et
426 1409 486 1468 loci
507 1415 539 1468 et
560 1409 711 1486 temporis
733 1428 770 1492 ex
793 1428 877 1467 inore
899 1409 1053 1484 iecissem,
1068 1409 1182 1472 bonos

144 1513 208 1573 civi
232 1513 562 1573 convenientissimum
583 1514 700 1573 credidi
720 1515 828 1574 eadem
850 1514 905 1573 illa
926 1514 1095 1591 spatiosius
1117 1521 1148 1574 et

108 1612 271 1679 auberius
292 1618 451 1678 volumine
473 1619 637 1696 amplecti3
660 1619 804 1696 primum,
819 1625 856 1678 ut
877 1619 1059 1696 imperatori
1080 1638 1149 1679 nos-

144 1730 194 1783 tro
208 1722 343 1783 virtutes
356 1742 432 1800 suae
448 1724 529 1783 veris
543 1724 690 1783 laudibus
709 1725 1008 1798 commendarentur,
1024 1725 1146 1799 deinde,

109 1801 121 1857 ἰ
144 1835 181 1888 ut
194 1829 296 1889 futuri
311 1829 469 1907 principes
484 1849 545 1888 non
561 1830 651 1906 quasi
673 1849 692 1889 a
712 1831 870 1905 magistro,
887 1831 941 1890 sed
963 1836 1068 1890 tamen
1090 1832 1147 1890 sub

139 1933 288 2015 erremplo
308 1941 585 2022 praemonerentur
600 1954 662 2012 qua
679 1935 877 2012 potissimum
891 1935 945 1995 via
959 1942 1087 2013 possent
1108 1936 1148 1995 ad
1168 1950 1196 1995 10

62 2067 75 2085 a
108 2040 276 2099 asandem
289 2039 421 2115 gloriam
431 2039 505 2105 niti.
544 2040 629 2099 Nam
642 2041 820 2118 praecipere
835 2041 938 2117 qualis
953 2059 1020 2100 esse
1036 2040 1148 2100 debeat

144 2144 290 2232 princeps
305 2129 480 2222 pulchrum*
486 2145 622 2222 quidem,
635 2146 691 2205 sed
704 2164 868 2205 onerosum
882 2164 917 2205 ac
932 2164 1028 2223 prope
1044 2164 1148 2222 super-

144 2249 218 2309 bum
245 2254 303 2326 cst]
324 2249 452 2309 laudare
473 2268 547 2310 vero
575 2251 729 2328 optimum
756 2251 928 2328 principem
955 2270 990 2311 ac
1013 2270 1068 2328 per
1089 2251 1147 2310 hoc

144 2355 278 2432 posteris
292 2355 381 2415 velut
395 2374 411 2414 e
427 2354 553 2432 specula
569 2355 675 2414 lumen
690 2357 773 2434 quod
791 2355 964 2433 sequantur
983 2357 1146 2416 ostendere

107 2475 124 2520 4
144 2461 227 2519 idem
241 2459 393 2520 utilitatis
407 2460 512 2536 habet,
524 2461 726 2536 adrogantiae
740 2461 830 2520 nihil.
874 2462 950 2540 Cepi
966 2468 1070 2522 autem
1085 2481 1147 2520 non
1167 2475 1196 2521 15

145 2565 330 2625 mediocrem
350 2565 545 2643 voluptatem
574 2566 666 2644 quod,
688 2566 772 2650 huno
797 2566 913 2626 librum
940 2586 1009 2627 cum
1039 2567 1147 2626 amicis

145 2671 275 2731 recitare
296 2670 475 2746 voluissem,
496 2691 559 2731 non
584 2691 640 2750 per
660 2672 831 2747 codicillos,
853 2692 915 2731 non
937 2692 993 2750 per
1013 2672 1146 2748 libellos

146 2776 200 2835 sed
222 2777 267 2836 ‘si
281 2777 494 2836 commodum’
509 2783 541 2836 et
556 2778 600 2836 ‘si
617 2777 708 2836 valde
722 2778 865 2837 vacaret’
880 2778 1032 2837 admoniti
1048 2779 1148 2856 (num-

92 2954 100 2964 „
145 2900 239 2957 quam
260 2900 351 2959 porro
372 2888 427 2942 aut
443 2882 535 2942 valde
558 2889 648 2942 vacat
669 2883 787 2942 Romae
809 2888 865 2942 aut
885 2884 1078 2942 commodum
1100 2890 1147 2943 est

97 3025 101 3036 -
145 2964 254 3046 audire
282 2987 491 3068 recitantem),
520 2987 712 3046 foedissimis
741 2988 869 3065 insuper
896 2988 1146 3065 tempestatibus,
1167 3005 1196 3050 ac

144 3087 200 3169 per
220 3091 351 3151 biduum
374 3098 595 3166 convenerunt,
617 3111 749 3170 cumque
777 3092 930 3152 modestia
957 3111 1026 3152 mea
1053 3093 1147 3151 finem

144 3197 324 3257 recitationi
351 3197 455 3258 facere
477 3197 637 3273 voluisset,
662 3205 698 3257 ut
726 3198 879 3257 adicerem
906 3197 1036 3256 tertium
1064 3198 1148 3257 diem

107 3316 124 3362 o
145 3308 324 3378 exegerunt.
349 3303 449 3361 ·Mihi
464 3302 546 3362 huno
561 3303 710 3362 honorem
730 3302 874 3362 habitum
896 3308 1002 3380 putem
1024 3321 1064 3362 an
1087 3308 1149 3362 stu·

108 3422 124 3468 6
145 3408 234 3468 diis?
257 3407 371 3468 studiis
385 3407 476 3483 ma10,
492 3427 571 3485 quae
593 3427 688 3485 prope
706 3408 848 3467 extincta
869 3409 1059 3468 refoventur.
1102 3406 1148 3467 At

144 3512 349 3572 animatorias
357 3513 441 3574 hanc
451 3514 660 3577 sedulitatem
669 3515 928 3598 praestitsrunt‘l
946 3529 1069 3588 nempe
1078 3525 1185 3582 upam
1196 3522 1235 3563 ab

125 3613 160 3669 in
173 3601 288 3674 senatu
302 3636 442 3702 quoque,
458 3623 518 3689 ubi
533 3627 672 3711 perpeti
684 3645 828 3692 necessa
841 3628 930 3700 erat,
939 3613 1086 3720 granam
1093 3614 1220 3664 &affl
