2512 3870
161 170 202 234 80
586 184 616 233 c.
636 183 737 232 11111

160 353 246 413 Ρο111
260 354 392 414 honores
412 354 514 414 lulius
534 356 628 429 Naso
644 355 726 432 petit
744 374 815 414 cum
836 356 956 432 multis,
971 376 1042 416 cnm
1063 357 1162 432 honio,

159 478 237 535 quos
253 465 288 517 nt
303 459 471 534 gloriosum
486 460 531 520 sic
545 465 593 520 est
607 460 734 519 difficile
752 480 906 538 superare.
949 463 1077 521 Pendeo
1091 481 1164 537 ergo
1183 479 1199 524 2

160 569 192 622 et
207 582 349 624 exerceor
367 584 430 643 spe,
446 565 574 625 adficior
589 570 684 641 metu,
700 572 732 625 et
745 585 795 624 me
809 567 1004 626 consularem
1019 587 1164 627 essenon

161 670 277 729 sentio:
301 690 372 729 nam
392 690 498 730 rursus
517 670 596 729 mihi
618 671 724 730 videor
741 672 879 731 omnium
900 691 980 750 quae
1001 673 1164 732 decucurri

125 774 353 838 ooandidatus
399 776 540 834 Meretur
567 775 649 834 hanc
677 795 783 836 curam
811 776 905 853 longa
932 777 994 836 mei
1021 778 1200 838 cantatae

159 881 218 939 Est
233 881 311 939 mihi
322 898 392 940 cum
407 880 463 939 illo
477 900 538 940 101
555 899 628 940 sane
643 888 775 958 paterna
785 882 940 958 amicitia,
963 883 1164 960 nequeenim

160 1004 226 1044 esse
251 986 356 1062 potuit
379 1005 435 1062 per
458 1005 560 1046 meam
582 991 733 1046 aetatem:
763 986 884 1046 solebat
904 993 1011 1047 tamen
1032 989 1164 1060 viridum

160 1091 395 1151 adulescentulo
423 1091 501 1150 mihi
526 1097 615 1168 pater
641 1092 707 1151 eius
732 1111 803 1150 cnm
827 1111 940 1168 magna
963 1093 1056 1153 laude
1080 1113 1166 1154 mon-

160 1196 261 1255 strari.
303 1197 381 1255 Erat
400 1215 462 1255 non
480 1197 654 1256 studiorum
672 1202 795 1256 tantum
810 1216 918 1257 verum
936 1199 1032 1258 011111
1048 1200 1166 1260 studio

112 1317 141 1361 10
160 1321 263 1361 sorum
279 1301 522 1376 amantissimus,
539 1320 573 1360 ao
588 1320 684 1379 prope
703 1303 818 1361 cotidie
832 1304 873 1362 ad
887 1304 1068 1382 audiendos,
1084 1325 1165 1382 quos

160 1412 235 1465 tunc
256 1425 312 1481 ego
333 1407 579 1482 frequentabam,
600 1407 838 1483 Quintilianum,
860 1408 995 1468 Niceten
1018 1410 1167 1470 Sacerdo

160 1517 223 1570 tem
232 1511 417 1585 ventitabat,
430 1511 478 1569 vir
493 1512 610 1588 alioqui
622 1512 725 1571 clarus
736 1518 769 1571 et
783 1514 888 1589 gravis
899 1519 931 1572 et
946 1515 1000 1591 qui
1015 1516 1166 1592 prodesse

160 1617 225 1675 filio
245 1617 393 1675 memoria
412 1617 460 1676 sui
481 1617 600 1676 debeat.
645 1618 706 1677 Sed
720 1617 813 1677 multi
826 1638 909 1679 nnnc
923 1620 957 1678 in
972 1626 1083 1680 senatu
1098 1621 1167 1698 qui-
1184 1634 1201 1679 4

159 1724 216 1783 bus
232 1723 357 1798 ignotus
372 1722 435 1797 illc,
448 1722 540 1781 multi
555 1723 669 1799 quibus
685 1729 786 1799 notae,
800 1725 855 1784 sed
869 1744 931 1784 non
945 1726 1008 1785 nisi
1018 1726 1166 1788 viventes

112 1846 140 1891 15
160 1833 357 1887 reverentur:
382 1846 443 1904 quo
462 1828 561 1902 magis
580 1828 653 1887 111110
673 1829 789 1889 omissa
808 1830 908 1905 gloria
926 1831 1035 1907 patris,
1052 1831 1167 1908 inqua

159 1953 306 2008 magnmn
335 1937 560 2007 ornamentum,
589 1934 691 2008 gratia
718 1933 852 2010 infirma,
878 1935 940 2012 ipsi
967 1936 1164 2012 enitendum,

159 2039 221 2116 ipsi
243 2038 464 2097 elaborandum
486 2043 541 2097 est.
584 2039 672 2108 Quod
687 2039 814 2117 quidem
836 2059 966 2117 semper,
984 2040 1077 2117 quasi
1096 2061 1165 2119 pro
1183 2057 1198 2101 5

158 2144 280 2203 videret
301 2144 359 2202 hoc
380 2148 514 2219 tempuS,
537 2143 645 2202 sedulo
666 2144 761 2203 fecit:
790 2145 915 2222 paravit
935 2145 1061 2226 amicos,
1083 2166 1163 2224 quos

158 2255 323 2327 paraverat
341 2248 447 2321 coluit,
463 2266 511 2306 me
531 2254 622 2322 certe,
643 2256 678 2308 ut
697 2249 833 2326 primum
854 2250 915 2310 sibi
936 2250 1075 2311 iudicare
1096 2271 1164 2329 per-

110 2371 140 2416 10
159 2355 255 2429 misit,
270 2355 311 2414 ad
325 2372 460 2413 amorem
476 2353 744 2431 imitationemque
764 2355 889 2430 delegit.
933 2356 1060 2416 Dicenti
1081 2357 1162 2416 mihi
1180 2372 1196 2417 6

159 2460 312 2521 sollicitus
328 2459 464 2533 adsistit,
480 2458 603 2518 adsidet
622 2459 783 2519 recitanti:
806 2461 917 2538 primis
934 2461 1030 2521 etiam
1044 2468 1160 2522 etcum

158 2567 294 2626 maxime
315 2565 515 2625 nascentibus
537 2565 696 2642 opusculis
716 2566 792 2626 meis
812 2567 952 2642 interest,
968 2587 1050 2627 nunc
1065 2568 1160 2643 solus,

159 2678 231 2732 ante
246 2691 316 2731 cum
331 2671 438 2745 fratre,
454 2670 541 2730 cuius
557 2689 656 2747 nuper
671 2671 778 2731 amissi
798 2691 855 2748 ego
873 2672 1029 2749 suscipere
1044 2679 1160 2750 partes,

159 2798 215 2855 ego
230 2779 327 2837 vicem
350 2777 445 2836 debeo
464 2776 591 2853 inplere.
636 2776 734 2835 Doleo
754 2777 836 2835 enim
852 2783 883 2836 et
897 2778 987 2837 illum
1003 2778 1163 2838 inmatura
1181 2788 1196 2834 7

109 2890 257 2946 11110110
279 2882 496 2958 indignissime
518 2887 641 2958 raptum
662 2887 693 2940 et
712 2882 794 2941 hunc
816 2883 927 2959 optimi
947 2883 1056 2943 fratris
1076 2885 1163 2944 adiu-

158 2996 263 3050 mento
286 2988 472 3048 destitutum
497 2986 632 3064 solisque
654 2987 763 3047 amicis
785 2987 936 3047 relictum.
980 2989 1100 3058 Quibus
1122 3000 1195 3050 exa

158 3096 260 3156 causis
286 3094 377 3168 exigo
401 3099 437 3151 11
460 3091 568 3151 venias
594 3097 625 3150 et
653 3092 801 3167 suffragio
828 3111 897 3152 meo
920 3099 1010 3152 tuum
1037 3094 1160 3171 iungas.

157 3200 355 3261 Permultum
376 3199 508 3257 interest
529 3203 649 3255 meato
671 3203 836 3273 ostentare,
858 3203 961 3257 tecum
985 3199 1160 3261 circumire.

157 3309 205 3366 Ea
219 3312 267 3367 est
282 3304 450 3365 auctoritas
465 3309 520 3362 tua
534 3308 569 3362 ut
584 3308 691 3379 putem
706 3322 755 3361 me
770 3302 923 3363 efficacius
941 3310 1044 3363 tecum
1063 3306 1163 3366 etiarn

108 3424 139 3469 30
155 3431 242 3472 meos
262 3411 377 3471 amicos
397 3414 585 3484 rogaturum.
628 3409 797 3486 Abrumpe,
819 3409 846 3469 si
868 3415 982 3486 quate
1003 3410 1161 3472 retinent:
1182 3421 1197 3466 9

137 3517 202 3576 boc
218 3525 348 3597 tempus
364 3535 482 3593 meum,
498 3514 1166 3590 1100110111111111111111110111111.

122 3618 267 3703 Suscepi
293 3626 532 3703 candidatum,
556 3629 593 3684 et
619 3619 803 3699 suscepisse
825 3635 880 3673 me
901 3620 1018 3671 notum
1037 3619 1109 3670 est:
1134 3633 1196 3685 eqo
