2512 3870
169 157 210 222 54
255 225 260 235 ,
590 169 620 220 c.
645 171 743 220 rrnu

167 340 242 399 Fuit
269 340 365 399 moris
388 340 511 418 antiqui
537 360 588 400 eos
613 342 667 418 qui
694 341 742 400 vel
769 341 960 416 singulorum
989 340 1098 401 laudes
1120 339 1206 400 vela
1232 393 1236 398 .

166 446 291 505 urbium
313 446 502 522 scripserant
523 453 578 505 aut
600 447 769 507 honoribus
798 452 853 507 aut
881 447 1013 524 pecunia
1040 465 1169 522 ornare;

166 552 282 611 nostris
304 569 378 610 vero
398 553 591 629 temporibus
616 559 651 611 ut
675 552 738 612 alia
763 554 903 630 speciosa
923 559 955 612 et
973 553 1101 629 egregia
1126 553 1171 612 ita

167 657 224 716 hoo
239 656 272 715 in
287 657 397 734 primis
412 657 557 716 exolevit.
600 659 683 716 Nam
706 665 871 735 postquam
894 658 1044 718 desiimus
1066 658 1170 717 iacere

130 763 332 838 illaudanda,
361 763 483 822 laudari
511 783 634 840 quoque
663 764 805 841 ineptum
833 771 988 841 putamus.
1039 764 1207 834 Quaeris4

166 870 221 946 qui
242 870 306 930 sint
324 870 471 930 versiculi
492 870 605 946 quibus
630 870 761 944 gratiam
783 870 919 929 rettuli?
961 869 1170 928 Remitterem

165 979 197 1033 te
218 976 260 1034 ad
281 975 384 1053 ipsum
399 975 553 1048 volumen,
574 975 636 1035 nisi
659 976 809 1051 quosdam
825 959 979 1034 tenerem:
1004 952 1047 1048 tu,
1064 975 1089 1034 si
1105 974 1173 1052 pla·

165 1071 288 1140 suerint
301 1081 344 1155 hi,
359 1067 478 1140 ceteros
492 1080 526 1138 in
541 1080 621 1139 libro
636 1081 783 1158 requires
827 1081 1019 1158 Adloquitur
1033 1081 1171 1154 Musam,
1193 1095 1207 1140 5

165 1187 294 1246 mandat
314 1192 350 1246 ut
371 1187 497 1246 domum
518 1205 617 1246 meam
640 1186 793 1263 Esquiliis
816 1192 954 1264 quaerat,
973 1186 1066 1245 adeat
1087 1204 1174 1244 reve-

117 1303 147 1350 10
166 1298 286 1351 renter:

361 1372 421 1430 Sed
434 1391 473 1431 ne
489 1379 626 1449 ternpore
641 1392 703 1431 non
718 1378 772 1431 tuo
788 1373 937 1431 disertam

364 1477 471 1555 pulses
486 1478 572 1537 ebria
586 1479 710 1537 ianuam
725 1478 847 1536 videto:

364 1587 447 1642 totos
462 1583 517 1642 dat
531 1584 659 1642 tetricae
674 1582 742 1641 dies
756 1583 927 1658 Minervae,

365 1687 440 1746 dum
455 1694 578 1747 eentum
594 1688 699 1748 studet
713 1688 839 1747 auribus
854 1689 992 1746 virorum

364 1793 422 1852 hoo
437 1793 521 1871 quod
536 1793 659 1853 saecula
673 1793 851 1870 posterique
867 1793 988 1870 possint

364 1899 496 1975 Arpinis
511 1916 633 1976 quoque
648 1917 825 1976 comparare
840 1897 966 1958 chartis

365 2022 450 2064 seras
464 2004 563 2062 tutior
578 2004 638 2063 ibis
653 2005 693 2063 ad
707 2003 865 2063 lucernas:

365 2109 442 2169 haee
456 2110 533 2168 hora
547 2115 595 2169 est
608 2116 672 2184 tua,
688 2128 757 2167 oum
772 2110 852 2168 furit
866 2111 999 2187 Lyaeus

315 2232 320 2240 ‘
365 2234 435 2275 oum
450 2222 560 2291 regnat
574 2235 652 2291 rosa,
668 2234 738 2274 oum
752 2216 880 2274 madent
895 2215 1019 2292 capilli:

116 2340 147 2386 20
364 2327 439 2381 tuno
454 2340 503 2380 me
518 2320 567 2381 vel
582 2321 677 2397 rigidi
691 2321 798 2396 legant
813 2321 955 2381 Catones.

165 2487 321 2547 Meritone
335 2506 406 2546 eum
421 2487 475 2564 qui
489 2487 567 2546 haee
582 2488 620 2546 de
634 2506 683 2546 me
699 2486 825 2564 scripsit
839 2492 871 2545 et
886 2492 960 2546 tune
976 2466 1084 2547 dimisi
1095 2489 1172 2548 ami·
1190 2496 1206 2542 6

165 2593 289 2653 eissime
309 2598 341 2652 et
358 2611 440 2652 nuno
461 2597 497 2651 nt
517 2592 741 2652 amicissimum
755 2592 939 2651 defunctum
960 2611 1028 2652 esse
1050 2592 1170 2654 doleo?

165 2698 263 2776 Dedit
291 2697 372 2757 enim
402 2697 481 2756 mihi
508 2704 658 2774 quantum
687 2698 859 2756 maximum
894 2697 1006 2774 potuit,
1035 2699 1172 2761 daturus

165 2803 309 2880 amplius,
325 2803 352 2863 si
369 2803 531 2881 potuisset.
574 2803 714 2863 Tametsi
736 2803 812 2880 quid
833 2803 952 2861 homini
973 2809 1078 2880 potest
1101 2805 1172 2865 dari

116 2923 145 2970 25
166 2909 266 2969 maius
287 2927 380 2986 quam
396 2908 496 2984 gloria
510 2913 542 2967 et
556 2908 625 2968 laus
640 2913 672 2968 et
687 2908 882 2968 aeternitas?
924 2908 969 2967 At
990 2927 1053 2967 non
1075 2917 1174 2971 erunt

165 3020 293 3074 aeterna
319 3032 400 3092 quae
428 3013 569 3091 scripsit:
599 3033 662 3073 non
686 3019 778 3073 erunt
805 3014 948 3090 fortasse,
976 3013 1032 3073 ille
1060 3019 1174 3077 tamen

166 3120 292 3198 scripsit
307 3126 467 3198 tamquam
481 3125 586 3179 essent
599 3120 715 3179 futura.
757 3118 844 3208 Vale.
