2512 3870
414 167 677 218 amsrunanum
700 167 748 217 rx.
768 167 809 218 sc.
1049 155 1114 220 119

12 403 16 409 ,
108 346 158 400 ter
171 346 277 400 tamen
299 346 331 400 et
351 339 408 399 illa
429 340 579 399 firmatur.
622 339 742 398 lterum
758 339 892 414 ambula,
906 358 1015 415 ungor,
1031 357 1114 398 exer-

72 454 89 498 4
109 464 187 520 neor,
203 445 298 505 lavor.
342 445 474 506 Cenanti
496 445 583 519 mihi,
600 444 626 504 si
642 463 712 503 cnm
727 463 822 505 uxore
836 445 886 503 vel
900 445 1018 522 paucis,
1033 444 1113 517 liber

76 550 254 626 s'legiturz'
269 557 340 628 post
367 569 476 610 cenam
504 551 668 610 comoedus
691 555 746 610 aut
767 550 912 628 lyristes:
942 569 1014 609 mox
1041 569 1112 610 cum

109 655 186 716 meis
202 657 335 731 ambula,
351 676 483 733 quorum
499 655 532 715 in
546 674 675 715 numero
691 661 765 715 sunt
782 656 906 715 eruditi.
949 656 1002 715 Ita
1015 656 1111 716 variis

109 762 303 821 sermonibus
318 780 449 839 vespera
463 761 652 836 extenditur,
665 767 696 820 et
707 779 894 838 quamquam
909 761 1111 837 longissimus
1131 773 1146 818 5
1242 757 1246 771 ’

73 872 89 917 5
109 867 176 928 dies
190 867 254 927 cito
268 867 421 927 conditur.
463 869 536 926 Non
558 885 728 944 numquam
744 886 782 926 ex
797 866 855 926 hoc
877 867 985 927 ordine
1007 866 1112 944 aliqua

109 977 279 1032 mutantur.
321 974 404 1032 Nam
420 973 448 1032 si
463 972 518 1031 diu
532 972 613 1032 iacui
628 972 678 1031 vel
693 972 860 1048 ambulavi,
876 978 948 1050 post
969 992 1112 1032 somnum

109 1078 234 1136 demum
262 1077 489 1154 lectionemque
517 1097 579 1137 non
600 1077 745 1137 vehiculo
773 1078 836 1153 sed,
865 1078 949 1154 quod
975 1078 1110 1154 brevius,

109 1183 183 1259 quia
197 1183 343 1258 velocius,
359 1202 439 1260 equo
453 1189 564 1258 gestor.
607 1183 827 1242 Interveniunt
849 1183 940 1243 amici
958 1202 997 1242 ex
1011 1184 1112 1260 proxi-

109 1288 169 1347 mis
188 1288 313 1365 oppidis
335 1294 518 1365 partemque
539 1288 602 1347 diei
624 1289 665 1347 ad
687 1306 719 1347 se
740 1289 870 1347 trahrmt
892 1289 1111 1365 interdumque
1132 1300 1160 1346 10

73 1402 88 1447 6
109 1394 192 1453 lasso
205 1394 285 1452 mihi
299 1399 474 1471 opportuna
489 1392 743 1470 interpellatione
764 1394 963 1454 subveniunt.
1006 1395 1112 1455 Venor

108 1499 286 1576 aliquande,
309 1500 447 1558 sednon
469 1499 537 1559 sine
559 1499 775 1576 pugillaribus,
797 1505 842 1575 ut,
864 1500 1008 1576 quamvis
1029 1500 1110 1559 nihil

108 1605 252 1682 ceperim,
267 1624 330 1664 non
344 1604 425 1663 nihil
442 1605 585 1665 referam.
627 1607 729 1665 Datur
744 1610 776 1665 et
792 1605 919 1679 colonis,
934 1610 971 1665 nt
985 1605 1111 1665 videtur

108 1711 195 1788 ipsis,
210 1729 273 1776 non
288 1710 366 1770 satis
380 1710 539 1788 temporis,
555 1730 686 1788 quorum
703 1711 782 1769 mihi
800 1716 938 1786 agrestes
953 1710 1110 1787 querellae

107 1815 231 1876 litteras
245 1821 368 1876 nostras
383 1817 505 1877 ethaeo
519 1817 638 1877 urbana
652 1835 745 1895 opera
759 1816 986 1876 commendant,
1022 1816 1108 1877 Vale.
1131 1828 1159 1874 1⁶

465 2071 541 2134 roo.
567 2070 750 2151 (xxxix.)

355 2239 386 2291 C.
411 2240 556 2291 PLINIUS
579 2241 716 2292 MUSTIO
740 2241 808 2292 SUO
832 2241 858 2293 S.

419 2399 595 2450 Restoratioo
612 2400 645 2463 os
657 2414 675 2450 a
693 2401 795 2462 temple.

72 2567 86 2612 1
147 2553 360 2632 Haruspicum
374 2554 496 2614 monitu
516 2553 683 2615 reficienda
703 2560 751 2615 est
773 2554 852 2614 mihi
873 2556 964 2616 aedes
986 2554 1108 2616 Cereris

107 2659 141 2717 in
155 2659 312 2749 praediis
305 2678 339 2718 m
352 2660 467 2779 melius
480 2660 534 2721 et
526 2680 560 2719 m
578 2661 689 2736 maius,
704 2666 796 2722 vetus
817 2680 892 2722 sane
913 2667 945 2720 et
965 2667 1107 2736 angusta,

70 2778 86 2822 2
106 2782 176 2822 cum
202 2764 244 2823 sit
268 2734 391 2842 alioqui
408 2722 491 2825 stato
513 2765 565 2824 die
586 2766 850 2842 frequentissima.
891 2768 976 2826 Nam
997 2767 1107 2826 Idibus

107 2869 341 2945 Septembribus
356 2889 487 2948 magnus
502 2889 518 2929 e
533 2872 658 2947 regione
672 2877 740 2932 tota
753 2872 816 2931 coit
830 2872 973 2949 populus,
989 2871 1107 2955 multae

105 2993 154 3034 res
177 2982 321 3064 agimtur,
344 2977 444 3037 multa
465 2982 538 3036 vota
560 2977 780 3055 suscipiuntur,
803 2977 903 3036 multa
923 2956 1157 3053 redduntur,an
1202 3042 1205 3049 ,

47 3155 49 3161 s
67 3074 160 3139 sed
181 3081 333 3140 nullum
326 3101 360 3140 ιιι
376 3082 521 3191 proximo
546 3083 716 3158 suffugium
738 3088 793 3143 aut
814 3082 922 3142 imbris
944 3088 999 3143 aut
1021 3083 1104 3142 solis.

69 3185 221 3259 3Videor
249 3205 322 3262 ergo
353 3170 500 3247 nunifi‘ce
535 3188 628 3247 simul
664 3187 869 3265 religioseque
897 3188 1049 3262 facturus,
1078 3189 1106 3247 si

104 3291 212 3351 aedem
229 3310 322 3368 quam
342 3291 583 3369 pulcherrimam
598 3298 789 3368 exstruxere,
805 3292 954 3352 addidero
967 3293 1105 3370 porticus

103 3396 183 3472 aedi,
199 3396 287 3456 illam
302 3398 342 3457 ad
356 3417 447 3458 usum
462 3399 547 3472 deae,
562 3399 620 3458 has
634 3399 675 3458 ad
694 3399 864 3458 hominum.
906 3397 1011 3458 Velim
1033 3416 1106 3471 ergo

103 3520 187 3561 ernas
201 3508 349 3578 quattuor
368 3522 562 3568 marmoreas
583 3504 763 3582 columnas,
775 3503 871 3566 cums
887 3498 1138 3562 tidimhen‘mm
1152 3506 1193 3546 <ns

82 3605 219 3679 generis,
243 3625 331 3670 ernas
359 3629 538 3697 marmora,
562 3616 688 3699 quibus
719 3614 846 3689 solum,
866 3606 995 3688 qum
1019 3593 1177 3673 emm
