2512 3870
167 145 231 210 104
590 156 620 206 c.
640 156 740 206 rnnu

165 330 335 407 mitigetur.
390 331 565 403 Praeterea,
588 328 615 388 si
640 329 732 388 datur
760 330 897 404 Homero
925 333 957 388 et
984 327 1095 388 mollia
1117 345 1168 386 vo
1214 390 1217 394 ,

65 496 67 501 .
166 435 277 496 cabula
295 442 327 494 et
347 436 464 496 Graeca
485 435 525 494 ad
545 434 708 493 levitatem
729 453 838 494 versus
857 433 1047 507 contrahere,
1063 438 1168 493 exten-

166 542 248 616 dere,
263 540 431 613 inflectere,
451 559 505 598 cur
520 540 579 599 tibi
597 539 711 599 similis
728 539 884 615 audentia,
900 539 1085 616 praesertim
1105 557 1168 597 non

166 647 301 706 delicata
316 646 370 706 sed
388 645 571 719 necessaria,
586 663 648 702 non
666 645 783 704 detur?
824 643 960 703 Proinde
977 644 1044 703 iure
1058 650 1166 703 vatum
1187 652 1201 696 5

131 766 146 810 o
166 753 319 812 invocatis
341 751 398 825 dis,
421 757 453 810 et
474 751 557 809 inter
577 769 630 809 eos
650 750 720 827 ipso
741 750 829 810 ouius
850 769 900 810 res
921 768 1015 827 opera
1035 749 1169 809 consilia

167 859 307 918 dicturus
327 876 369 932 eS,
387 857 522 916 immitte
542 857 699 931 rudentes,
719 857 821 934 pande
839 857 919 932 vela,
937 874 972 915 ac
994 855 1022 916 si
1043 856 1169 933 qnando

167 964 254 1038 aliae,
276 969 342 1022 toto
366 962 492 1037 ingenio
513 961 633 1021 vehere.
690 963 752 1023 Cur
775 962 858 1021 enim
880 980 942 1020 non
965 979 1021 1036 ego
1044 978 1169 1038 quoque

66 1125 68 1129 ,
166 1068 287 1146 poetice
315 1087 385 1126 oum
413 1070 529 1144 poeta?
572 1067 658 1126 Illud
682 1068 745 1126 iam
772 1085 854 1126 nunc
882 1066 1037 1144 paciscor:
1068 1066 1203 1143 primass

167 1192 308 1250 quaeque
328 1178 364 1231 ut
385 1172 564 1247 absolveris,
586 1172 715 1247 mittito,
737 1172 832 1231 immo
856 1171 951 1231 etiam
976 1177 1049 1231 ante
1075 1190 1170 1248 quam

119 1293 147 1338 10
166 1279 319 1353 absolvas,
342 1278 423 1338 sicut
443 1284 535 1337 erunt
556 1279 693 1338 recentia
711 1283 743 1337 et
765 1278 856 1337 rudia
877 1283 908 1336 et
929 1277 1031 1336 adhuc
1053 1277 1171 1336 similia

166 1384 374 1443 nascentibus.
431 1384 647 1460 Respondebis
670 1402 733 1442 non
756 1401 847 1460 posse
877 1383 1007 1460 perinde
1034 1383 1204 1460 carptim?

166 1495 203 1549 ut
224 1495 378 1563 contexta,
402 1489 531 1566 perinde
554 1489 701 1548 incohata
721 1488 843 1566 placere
865 1495 902 1547 ut
924 1489 1042 1548 effecta.
1088 1489 1168 1548 Scio.

167 1596 279 1672 Itaque
305 1600 337 1653 et
360 1614 379 1653 a
404 1612 452 1651 rue
473 1594 721 1653 aestimabuntur
741 1599 777 1652 ut
802 1600 920 1671 coepta,
943 1593 1171 1671 spectabuntur

166 1705 202 1758 ut
229 1700 368 1759 membra
395 1705 628 1776 extremamque
656 1698 762 1758 limam
792 1704 878 1758 tuam
906 1699 1108 1776 opperientur
1136 1699 1171 1757 in

119 1823 146 1868 15
167 1805 281 1864 scrinio
296 1810 409 1864 nostro.
452 1805 563 1863 Patere
579 1803 637 1863 hoc
655 1823 704 1862 me
724 1822 817 1881 super
833 1809 937 1876 cetera
955 1804 1069 1863 habere
1089 1822 1172 1862 amo

167 1910 210 1970 ris
228 1910 275 1969 tui
294 1910 407 1987 pignus
427 1915 463 1968 ut
478 1928 514 1968 ea
533 1928 654 1986 quoque
676 1909 775 1967 norim
798 1927 877 1984 quae
898 1927 989 1968 nosse
1011 1908 1171 1968 neminem

167 2015 272 2074 velles
326 2016 366 2073 In
390 2034 518 2088 summa,
542 2020 650 2091 potero
678 2015 812 2074 fortasse
840 2013 958 2091 scripta
984 2019 1041 2072 tua
1067 2012 1171 2090 magis
1192 2021 1207 2066 8

167 2120 297 2196 probare
331 2119 468 2193 laudare,
500 2125 617 2195 quanto
651 2118 708 2178 illa
735 2119 855 2178 tardius
890 2117 1084 2195 cautiusque,
1115 2118 1172 2177 sed

166 2224 271 2301 ipsum
283 2230 315 2283 te
329 2224 429 2299 magis
444 2224 552 2283 amabo
567 2223 728 2302 magisque
742 2223 885 2298 laudabo,
901 2227 1018 2301 quanto
1034 2222 1171 2283 celerius

117 2344 147 2390 ao
167 2335 199 2389 et
213 2329 370 2388 incautius
387 2329 517 2390 miseris
559 2329 645 2390 Vale.

522 2541 625 2616 e.
654 2539 757 2621 00
987 2461 1083 2724 J

383 2706 387 2712 ·
418 2698 448 2750 0.
471 2698 616 2748 ruimus
637 2698 771 2750 uncino
795 2698 862 2749 suo
885 2698 912 2750 s.
1004 2750 1008 2757 ,

254 2833 362 2884 Tacitus
374 2835 423 2884 boa
435 2840 493 2883 seor
505 2848 554 2884 one
567 2835 599 2896 of
607 2834 649 2882 bia
662 2834 744 2883 booles
758 2840 784 2884 to
797 2834 880 2896 Pliny
886 2834 935 2896 sor
947 2833 1081 2883 criticiam.

206 2967 317 3043 Neque
331 2971 368 3024 ut
382 2965 532 3041 magistro
546 2964 695 3041 magister
709 2984 809 3042 neque
820 2971 857 3024 ut
867 2964 1022 3043 discipulo
1033 2965 1173 3045 discipu·
1193 2987 1207 3031 1

167 3070 216 3130 lus
233 3069 291 3149 (sio
309 3071 392 3130 enim
410 3071 544 3152 scribis),
561 3071 616 3130 sed
634 3075 670 3130 ut
689 3069 845 3147 discipulo
862 3070 1011 3146 magister
1029 3069 1117 3150 (nam
1133 3078 1172 3132 tu

167 3176 323 3252 magister,
340 3195 395 3250 ego
409 3182 531 3251 contra,
554 3181 648 3252 atque
669 3176 746 3235 adeo
766 3182 802 3235 tu
823 3176 857 3235 in
874 3175 1013 3236 scholam
1030 3194 1171 3254 revecca,

168 3299 224 3355 ego
238 3281 340 3340 adhuc
355 3280 534 3341 Saturnalia
550 3280 697 3362 extendo)
714 3281 829 3340 librum
845 3281 970 3342 misisti.
1012 3281 1101 3340 Num
1118 3301 1172 3360 po
1192 3301 1208 3346 2

87 3443 88 3446 ,
118 3397 147 3442 25
167 3386 215 3444 tui
229 3385 352 3461 longius
367 3385 562 3464 hyperbaton
577 3386 680 3445 facere
694 3391 788 3463 atque
802 3386 860 3445 hoc
871 3386 940 3463 ipso
951 3385 1081 3463 probare
1096 3406 1172 3448 eum

151 3507 223 3549 esse
241 3510 294 3551 me
315 3493 373 3571 qui
391 3514 456 3555 non
478 3493 574 3555 modo
596 3491 749 3570 magister
768 3498 846 3552 tuus
865 3491 925 3550 sed
938 3509 982 3548 ne
1000 3491 1178 3564 discipulus

130 3594 267 3667 quidem
283 3598 426 3665 debeam
441 3604 538 3668 dici?
570 3589 572 3596 ¹
587 3603 726 3667 Sumam
738 3605 855 3662 tamen
864 3609 1040 3676 personam
1050 3591 1210 3663 mugistis
