<?xml version="1.0" encoding="UTF-8"?>
<!DOCTYPE html PUBLIC "-//W3C//DTD XHTML 1.0 Transitional//EN"
    "http://www.w3.org/TR/xhtml1/DTD/xhtml1-transitional.dtd">
<html xmlns="http://www.w3.org/1999/xhtml" xml:lang="en" lang="en">
 <head>
  <title>
</title>
<meta http-equiv="Content-Type" content="text/html;charset=utf-8" />
  <meta name='ocr-system' content='tesseract 3.04.00' />
  <meta name='ocr-capabilities' content='ocr_page ocr_carea ocr_par ocr_line ocrx_word'/>
</head>
<body>
  <div class='ocr_page' id='page_1' title='image "./cplinisecundiep01plingoog_0070.png"; bbox 0 0 2512 3870; ppageno 0'>
   <div class='ocr_carea' id='block_1_1' title="bbox 376 149 1150 211">
    <p class='ocr_par' dir='ltr' id='par_1_1' title="bbox 376 149 1150 211">
     <span class='ocr_line' id='line_1_1' title="bbox 376 149 1150 211; baseline 0.003 -3"><span class='ocrx_word' id='word_1_1' title='bbox 376 159 393 175; x_wconf 75' lang='grc'>·’</span> <span class='ocrx_word' id='word_1_2' title='bbox 461 159 722 209; x_wconf 81' lang='lat' dir='ltr'>nrrsrunnnun</span> <span class='ocrx_word' id='word_1_3' title='bbox 747 160 781 209; x_wconf 91' lang='lat'>11.</span> <span class='ocrx_word' id='word_1_4' title='bbox 803 161 842 211; x_wconf 74' lang='grc' dir='ltr'>ιτ.</span> <span class='ocrx_word' id='word_1_5' title='bbox 1110 149 1150 210; x_wconf 83' lang='grc'>31</span> 
     </span>
    </p>
   </div>
   <div class='ocr_carea' id='block_1_2' title="bbox 68 329 1219 3682">
    <p class='ocr_par' dir='ltr' id='par_1_2' title="bbox 109 329 1150 513">
     <span class='ocr_line' id='line_1_2' title="bbox 146 329 1150 408; baseline 0.003 -21"><span class='ocrx_word' id='word_1_6' title='bbox 146 329 201 406; x_wconf 90' lang='lat' dir='ltr'>qui</span> <span class='ocrx_word' id='word_1_7' title='bbox 220 330 364 390; x_wconf 92' lang='lat' dir='ltr'>nubilum</span> <span class='ocrx_word' id='word_1_8' title='bbox 385 329 539 390; x_wconf 91' lang='lat' dir='ltr'>inducunt</span> <span class='ocrx_word' id='word_1_9' title='bbox 558 337 589 390; x_wconf 88' lang='lat' dir='ltr'>et</span> <span class='ocrx_word' id='word_1_10' title='bbox 609 351 752 390; x_wconf 89' lang='lat' dir='ltr'>serenum</span> <span class='ocrx_word' id='word_1_11' title='bbox 773 336 845 390; x_wconf 91' lang='lat' dir='ltr'>ante</span> <span class='ocrx_word' id='word_1_12' title='bbox 864 349 958 408; x_wconf 90' lang='lat' dir='ltr'>quarn</span> <span class='ocrx_word' id='word_1_13' title='bbox 977 351 1068 391; x_wconf 90' lang='lat' dir='ltr'>usum</span> <span class='ocrx_word' id='word_1_14' title='bbox 1089 331 1150 390; x_wconf 91' lang='lat' dir='ltr'>loci</span> 
     </span>
     <span class='ocr_line' id='line_1_3' title="bbox 109 424 1150 513; baseline -0.001 -18"><span class='ocrx_word' id='word_1_15' title='bbox 109 451 124 495; x_wconf 90' lang='lat'>8</span> <span class='ocrx_word' id='word_1_16' title='bbox 146 435 293 512; x_wconf 85' lang='lat' dir='ltr'>eripiunt.</span> <span class='ocrx_word' id='word_1_17' title='bbox 334 434 522 495; x_wconf 89' lang='lat' dir='ltr'>Adnectitur</span> <span class='ocrx_word' id='word_1_18' title='bbox 544 424 658 512; x_wconf 85' lang='lat' dir='ltr'>angulo</span> <span class='ocrx_word' id='word_1_19' title='bbox 679 436 857 495; x_wconf 75' lang='lat' dir='ltr'>cubiculum</span> <span class='ocrx_word' id='word_1_20' title='bbox 878 436 911 494; x_wconf 92' lang='lat' dir='ltr'>in</span> <span class='ocrx_word' id='word_1_21' title='bbox 932 436 1067 513; x_wconf 86' lang='lat' dir='ltr'>hapsida</span> <span class='ocrx_word' id='word_1_22' title='bbox 1085 455 1150 495; x_wconf 92' lang='lat' dir='ltr'>cur-</span> 
     </span>
    </p>

    <p class='ocr_par' dir='ltr' id='par_1_3' title="bbox 145 541 1146 620">
     <span class='ocr_line' id='line_1_4' title="bbox 145 541 1146 620; baseline 0 -22"><span class='ocrx_word' id='word_1_23' title='bbox 145 547 263 616; x_wconf 68' lang='lat' dir='ltr'>iatum,</span> <span class='ocrx_word' id='word_1_24' title='bbox 286 542 371 620; x_wconf 90' lang='lat' dir='ltr'>quod</span> <span class='ocrx_word' id='word_1_25' title='bbox 392 541 543 601; x_wconf 89' lang='lat' dir='ltr'>a&#39;mbiturn</span> <span class='ocrx_word' id='word_1_26' title='bbox 567 542 642 602; x_wconf 91' lang='lat' dir='ltr'>solis</span> <span class='ocrx_word' id='word_1_27' title='bbox 663 542 811 601; x_wconf 86' lang='lat' dir='ltr'>fenestris</span> <span class='ocrx_word' id='word_1_28' title='bbox 833 541 976 601; x_wconf 90' lang='lat' dir='ltr'>omnibus</span> <span class='ocrx_word' id='word_1_29' title='bbox 998 541 1146 619; x_wconf 90' lang='lat' dir='ltr'>sequitur.</span> 
     </span>
    </p>

    <p class='ocr_par' dir='ltr' id='par_1_4' title="bbox 93 632 1165 724">
     <span class='ocr_line' id='line_1_5' title="bbox 93 632 1165 724; baseline -0.001 -19"><span class='ocrx_word' id='word_1_30' title='bbox 93 632 97 647; x_wconf 50' lang='lat'><strong><em>⁴</em></strong></span> <span class='ocrx_word' id='word_1_31' title='bbox 145 647 265 707; x_wconf 82' lang='lat' dir='ltr'>Parieti</span> <span class='ocrx_word' id='word_1_32' title='bbox 285 647 352 707; x_wconf 91' lang='lat' dir='ltr'>eius</span> <span class='ocrx_word' id='word_1_33' title='bbox 372 647 404 705; x_wconf 91' lang='lat' dir='ltr'>in</span> <span class='ocrx_word' id='word_1_34' title='bbox 424 647 631 707; x_wconf 76' lang='lat' dir='ltr'>bibliothecae</span> <span class='ocrx_word' id='word_1_35' title='bbox 653 647 787 724; x_wconf 90' lang='lat' dir='ltr'>speciem</span> <span class='ocrx_word' id='word_1_36' title='bbox 807 647 975 706; x_wconf 89' lang='lat' dir='ltr'>armarium</span> <span class='ocrx_word' id='word_1_37' title='bbox 996 647 1165 707; x_wconf 88' lang='lat' dir='ltr'>insertum</span> 
     </span>
    </p>

    <p class='ocr_par' dir='ltr' id='par_1_5' title="bbox 109 752 1183 840">
     <span class='ocr_line' id='line_1_6' title="bbox 109 752 1183 840; baseline 0.003 -33"><span class='ocrx_word' id='word_1_38' title='bbox 109 763 125 807; x_wconf 83' lang='grc'><strong>9</strong></span> <span class='ocrx_word' id='word_1_39' title='bbox 146 753 302 840; x_wconf 71' lang='lat' dir='ltr'>estquod</span> <span class='ocrx_word' id='word_1_40' title='bbox 319 771 382 811; x_wconf 91' lang='lat' dir='ltr'>non</span> <span class='ocrx_word' id='word_1_41' title='bbox 393 752 547 828; x_wconf 88' lang='lat' dir='ltr'>legendos</span> <span class='ocrx_word' id='word_1_42' title='bbox 567 753 663 812; x_wconf 89' lang='lat' dir='ltr'>libros</span> <span class='ocrx_word' id='word_1_43' title='bbox 679 753 733 812; x_wconf 90' lang='lat' dir='ltr'>sed</span> <span class='ocrx_word' id='word_1_44' title='bbox 749 752 936 812; x_wconf 70' lang='lat' dir='ltr'>lectitandos</span> <span class='ocrx_word' id='word_1_45' title='bbox 951 752 1043 829; x_wconf 90' lang='lat' dir='ltr'>capit.</span> <span class='ocrx_word' id='word_1_46' title='bbox 1087 752 1149 811; x_wconf 84' lang='lat' dir='ltr'>Ad·</span> <span class='ocrx_word' id='word_1_47' title='bbox 1168 764 1183 810; x_wconf 76' lang='lat'><strong>6</strong></span> 
     </span>
    </p>

    <p class='ocr_par' dir='ltr' id='par_1_6' title="bbox 143 857 1149 1251">
     <span class='ocr_line' id='line_1_7' title="bbox 145 857 1147 935; baseline 0.002 -21"><span class='ocrx_word' id='word_1_48' title='bbox 145 857 254 917; x_wconf 83' lang='lat' dir='ltr'>haeret</span> <span class='ocrx_word' id='word_1_49' title='bbox 274 857 492 917; x_wconf 91' lang='lat' dir='ltr'>dormitorium</span> <span class='ocrx_word' id='word_1_50' title='bbox 515 859 688 917; x_wconf 87' lang='lat' dir='ltr'>membrum</span> <span class='ocrx_word' id='word_1_51' title='bbox 709 858 846 918; x_wconf 88' lang='lat' dir='ltr'>transitu</span> <span class='ocrx_word' id='word_1_52' title='bbox 864 857 1078 933; x_wconf 87' lang='lat' dir='ltr'>interiacente,</span> <span class='ocrx_word' id='word_1_53' title='bbox 1094 858 1147 935; x_wconf 93' lang='lat' dir='ltr'>qui</span> 
     </span>
     <span class='ocr_line' id='line_1_8' title="bbox 145 940 1149 1041; baseline -0.001 -19"><span class='ocrx_word' id='word_1_54' title='bbox 145 940 316 1040; x_wconf 83' lang='lat' dir='ltr'>suspensus</span> <span class='ocrx_word' id='word_1_55' title='bbox 334 968 365 1022; x_wconf 89' lang='lat' dir='ltr'>et</span> <span class='ocrx_word' id='word_1_56' title='bbox 387 963 549 1023; x_wconf 89' lang='lat' dir='ltr'>tubulatus</span> <span class='ocrx_word' id='word_1_57' title='bbox 569 969 753 1041; x_wconf 91' lang='lat' dir='ltr'>conceptum</span> <span class='ocrx_word' id='word_1_58' title='bbox 771 983 918 1041; x_wconf 92' lang='lat' dir='ltr'>vaporem</span> <span class='ocrx_word' id='word_1_59' title='bbox 939 964 1056 1023; x_wconf 83' lang='lat' dir='ltr'>salubri</span> <span class='ocrx_word' id='word_1_60' title='bbox 1073 970 1149 1023; x_wconf 89' lang='lat' dir='ltr'>tem·</span> 
     </span>
     <span class='ocr_line' id='line_1_9' title="bbox 143 1067 1147 1151; baseline 0.003 -25"><span class='ocrx_word' id='word_1_61' title='bbox 143 1075 327 1151; x_wconf 60' lang='lat' dir='ltr'>peremento</span> <span class='ocrx_word' id='word_1_62' title='bbox 346 1067 406 1127; x_wconf 91' lang='lat' dir='ltr'>huc</span> <span class='ocrx_word' id='word_1_63' title='bbox 424 1068 499 1127; x_wconf 89' lang='lat' dir='ltr'>illuc</span> <span class='ocrx_word' id='word_1_64' title='bbox 521 1069 636 1145; x_wconf 89' lang='lat' dir='ltr'>digerit</span> <span class='ocrx_word' id='word_1_65' title='bbox 658 1076 690 1128; x_wconf 90' lang='lat' dir='ltr'>et</span> <span class='ocrx_word' id='word_1_66' title='bbox 711 1069 878 1129; x_wconf 89' lang='lat' dir='ltr'>ministrat.</span> <span class='ocrx_word' id='word_1_67' title='bbox 921 1069 1059 1145; x_wconf 82' lang='lat' dir='ltr'>Reliqua</span> <span class='ocrx_word' id='word_1_68' title='bbox 1075 1089 1147 1146; x_wconf 91' lang='lat' dir='ltr'>pars</span> 
     </span>
     <span class='ocr_line' id='line_1_10' title="bbox 144 1173 1146 1251; baseline 0.002 -20"><span class='ocrx_word' id='word_1_69' title='bbox 144 1173 253 1234; x_wconf 90' lang='lat' dir='ltr'>lateris</span> <span class='ocrx_word' id='word_1_70' title='bbox 274 1173 368 1234; x_wconf 93' lang='lat' dir='ltr'>huius</span> <span class='ocrx_word' id='word_1_71' title='bbox 390 1193 549 1234; x_wconf 91' lang='lat' dir='ltr'>servorum</span> <span class='ocrx_word' id='word_1_72' title='bbox 578 1175 821 1251; x_wconf 87' lang='lat' dir='ltr'>libertorumque</span> <span class='ocrx_word' id='word_1_73' title='bbox 846 1175 954 1234; x_wconf 90' lang='lat' dir='ltr'>usibus</span> <span class='ocrx_word' id='word_1_74' title='bbox 980 1175 1146 1250; x_wconf 88' lang='lat' dir='ltr'>detinetur,</span> 
     </span>
    </p>

    <p class='ocr_par' dir='ltr' id='par_1_7' title="bbox 81 1259 1197 1883">
     <span class='ocr_line' id='line_1_11' title="bbox 81 1259 1197 1357; baseline 0.003 -21"><span class='ocrx_word' id='word_1_75' title='bbox 81 1272 124 1337; x_wconf 84' lang='lat'>¹10</span> <span class='ocrx_word' id='word_1_76' title='bbox 143 1259 303 1357; x_wconf 84' lang='lat' dir='ltr'>pleris&#39;que</span> <span class='ocrx_word' id='word_1_77' title='bbox 320 1284 383 1338; x_wconf 84' lang='lat' dir='ltr'>tam</span> <span class='ocrx_word' id='word_1_78' title='bbox 408 1278 533 1339; x_wconf 86' lang='lat' dir='ltr'>mundis</span> <span class='ocrx_word' id='word_1_79' title='bbox 550 1286 586 1339; x_wconf 90' lang='lat' dir='ltr'>ut</span> <span class='ocrx_word' id='word_1_80' title='bbox 603 1280 743 1357; x_wconf 90' lang='lat' dir='ltr'>accipere</span> <span class='ocrx_word' id='word_1_81' title='bbox 762 1280 904 1357; x_wconf 89' lang='lat' dir='ltr'>hospites</span> <span class='ocrx_word' id='word_1_82' title='bbox 925 1270 1054 1357; x_wconf 85' lang='lat' dir='ltr'>possint.</span> <span class='ocrx_word' id='word_1_83' title='bbox 1098 1281 1147 1339; x_wconf 86' lang='lat' dir='ltr'>Ex</span> <span class='ocrx_word' id='word_1_84' title='bbox 1168 1293 1197 1339; x_wconf 91' lang='lat'>10</span> 
     </span>
     <span class='ocr_line' id='line_1_12' title="bbox 143 1383 1147 1462; baseline 0.003 -20"><span class='ocrx_word' id='word_1_85' title='bbox 143 1383 206 1442; x_wconf 92' lang='lat' dir='ltr'>alio</span> <span class='ocrx_word' id='word_1_86' title='bbox 221 1384 318 1443; x_wconf 89' lang='lat' dir='ltr'>latere</span> <span class='ocrx_word' id='word_1_87' title='bbox 333 1383 510 1444; x_wconf 89' lang='lat' dir='ltr'>cubiculum</span> <span class='ocrx_word' id='word_1_88' title='bbox 523 1390 571 1444; x_wconf 87' lang='lat' dir='ltr'>est</span> <span class='ocrx_word' id='word_1_89' title='bbox 580 1385 820 1462; x_wconf 65' lang='lat' dir='ltr'>politissimum</span> <span class='ocrx_word' id='word_1_90' title='bbox 840 1385 953 1444; x_wconf 91' lang='lat' dir='ltr'>deinde</span> <span class='ocrx_word' id='word_1_91' title='bbox 965 1386 1014 1444; x_wconf 85' lang='lat' dir='ltr'>vel</span> <span class='ocrx_word' id='word_1_92' title='bbox 1026 1385 1147 1445; x_wconf 91' lang='lat' dir='ltr'>cubicu-</span> 
     </span>
     <span class='ocr_line' id='line_1_13' title="bbox 143 1484 1147 1568; baseline 0.002 -21"><span class='ocrx_word' id='word_1_93' title='bbox 143 1489 210 1547; x_wconf 92' lang='lat' dir='ltr'>lum</span> <span class='ocrx_word' id='word_1_94' title='bbox 233 1484 351 1564; x_wconf 79' lang='lat' dir='ltr'>gran&#39;de</span> <span class='ocrx_word' id='word_1_95' title='bbox 368 1489 418 1548; x_wconf 87' lang='lat' dir='ltr'>vel</span> <span class='ocrx_word' id='word_1_96' title='bbox 439 1490 561 1549; x_wconf 88' lang='lat' dir='ltr'>modica</span> <span class='ocrx_word' id='word_1_97' title='bbox 583 1491 713 1565; x_wconf 91' lang='lat' dir='ltr'>cenatio,</span> <span class='ocrx_word' id='word_1_98' title='bbox 732 1509 812 1567; x_wconf 90' lang='lat' dir='ltr'>quae</span> <span class='ocrx_word' id='word_1_99' title='bbox 833 1490 969 1567; x_wconf 89' lang='lat' dir='ltr'>plurimo</span> <span class='ocrx_word' id='word_1_100' title='bbox 991 1491 1064 1565; x_wconf 86' lang='lat' dir='ltr'>sole,</span> <span class='ocrx_word' id='word_1_101' title='bbox 1082 1490 1147 1568; x_wconf 92' lang='lat' dir='ltr'>plu-</span> 
     </span>
     <span class='ocr_line' id='line_1_14' title="bbox 138 1593 1144 1674; baseline 0.003 -22"><span class='ocrx_word' id='word_1_102' title='bbox 138 1593 223 1674; x_wconf 85' lang='lat' dir='ltr'>rimo</span> <span class='ocrx_word' id='word_1_103' title='bbox 242 1595 320 1654; x_wconf 86' lang='lat' dir='ltr'>mari</span> <span class='ocrx_word' id='word_1_104' title='bbox 343 1594 443 1670; x_wconf 88' lang='lat' dir='ltr'>lucet;</span> <span class='ocrx_word' id='word_1_105' title='bbox 466 1595 638 1672; x_wconf 91' lang='lat' dir='ltr'>posthanc</span> <span class='ocrx_word' id='word_1_106' title='bbox 661 1596 838 1656; x_wconf 88' lang='lat' dir='ltr'>cubiculum</span> <span class='ocrx_word' id='word_1_107' title='bbox 859 1615 930 1655; x_wconf 91' lang='lat' dir='ltr'>cum</span> <span class='ocrx_word' id='word_1_108' title='bbox 952 1602 1144 1674; x_wconf 88' lang='lat' dir='ltr'>procoetone,</span> 
     </span>
     <span class='ocr_line' id='line_1_15' title="bbox 143 1699 1146 1775; baseline 0.002 -17"><span class='ocrx_word' id='word_1_109' title='bbox 143 1699 312 1763; x_wconf 88' lang='lat' dir='ltr'>altitudine</span> <span class='ocrx_word' id='word_1_110' title='bbox 343 1700 506 1775; x_wconf 88' lang='lat' dir='ltr'>aestivum,</span> <span class='ocrx_word' id='word_1_111' title='bbox 532 1702 735 1762; x_wconf 88' lang='lat' dir='ltr'>munimentis</span> <span class='ocrx_word' id='word_1_112' title='bbox 765 1702 947 1761; x_wconf 90' lang='lat' dir='ltr'>hibernum:</span> <span class='ocrx_word' id='word_1_113' title='bbox 984 1708 1032 1761; x_wconf 90' lang='lat' dir='ltr'>est</span> <span class='ocrx_word' id='word_1_114' title='bbox 1061 1703 1146 1761; x_wconf 92' lang='lat' dir='ltr'>enim</span> 
     </span>
     <span class='ocr_line' id='line_1_16' title="bbox 143 1798 1194 1883; baseline 0.004 -19"><span class='ocrx_word' id='word_1_115' title='bbox 143 1798 330 1865; x_wconf 87' lang='lat' dir='ltr'>subductum</span> <span class='ocrx_word' id='word_1_116' title='bbox 346 1805 489 1866; x_wconf 88' lang='lat' dir='ltr'>omnibus</span> <span class='ocrx_word' id='word_1_117' title='bbox 504 1806 615 1864; x_wconf 91' lang='lat' dir='ltr'>ventis.</span> <span class='ocrx_word' id='word_1_118' title='bbox 659 1807 744 1866; x_wconf 90' lang='lat' dir='ltr'>Huic</span> <span class='ocrx_word' id='word_1_119' title='bbox 759 1806 901 1867; x_wconf 90' lang='lat' dir='ltr'>cubiculo</span> <span class='ocrx_word' id='word_1_120' title='bbox 920 1806 1006 1866; x_wconf 92' lang='lat' dir='ltr'>aliud</span> <span class='ocrx_word' id='word_1_121' title='bbox 1027 1812 1059 1865; x_wconf 92' lang='lat' dir='ltr'>et</span> <span class='ocrx_word' id='word_1_122' title='bbox 1080 1826 1146 1883; x_wconf 83' lang='lat' dir='ltr'>pro</span> <span class='ocrx_word' id='word_1_123' title='bbox 1165 1823 1194 1868; x_wconf 77' lang='lat'>15</span> 
     </span>
    </p>

    <p class='ocr_par' dir='ltr' id='par_1_8' title="bbox 91 1911 1145 2304">
     <span class='ocr_line' id='line_1_17' title="bbox 91 1911 1145 1988; baseline 0.003 -20"><span class='ocrx_word' id='word_1_124' title='bbox 91 1923 120 1968; x_wconf 90' lang='lat'>11</span> <span class='ocrx_word' id='word_1_125' title='bbox 141 1916 252 1969; x_wconf 91' lang='lat' dir='ltr'>coeton</span> <span class='ocrx_word' id='word_1_126' title='bbox 272 1911 429 1969; x_wconf 86' lang='lat' dir='ltr'>communi</span> <span class='ocrx_word' id='word_1_127' title='bbox 451 1911 569 1988; x_wconf 89' lang='lat' dir='ltr'>pariete</span> <span class='ocrx_word' id='word_1_128' title='bbox 591 1911 770 1987; x_wconf 89' lang='lat' dir='ltr'>iunguntur.</span> <span class='ocrx_word' id='word_1_129' title='bbox 828 1912 907 1970; x_wconf 90' lang='lat' dir='ltr'>Inde</span> <span class='ocrx_word' id='word_1_130' title='bbox 929 1911 1044 1971; x_wconf 91' lang='lat' dir='ltr'>balinei</span> <span class='ocrx_word' id='word_1_131' title='bbox 1066 1911 1145 1971; x_wconf 90' lang='lat' dir='ltr'>cella</span> 
     </span>
     <span class='ocr_line' id='line_1_18' title="bbox 142 2012 1145 2094; baseline 0.003 -21"><span class='ocrx_word' id='word_1_132' title='bbox 142 2014 308 2092; x_wconf 87' lang='lat' dir='ltr'>frigidaria</span> <span class='ocrx_word' id='word_1_133' title='bbox 329 2015 467 2093; x_wconf 90' lang='lat' dir='ltr'>spatiosa</span> <span class='ocrx_word' id='word_1_134' title='bbox 487 2023 519 2075; x_wconf 90' lang='lat' dir='ltr'>et</span> <span class='ocrx_word' id='word_1_135' title='bbox 540 2012 654 2090; x_wconf 69' lang='lat' dir='ltr'>effusa</span> <span class='ocrx_word' id='word_1_136' title='bbox 671 2019 758 2077; x_wconf 90' lang='lat' dir='ltr'>cuius</span> <span class='ocrx_word' id='word_1_137' title='bbox 781 2018 814 2076; x_wconf 90' lang='lat' dir='ltr'>in</span> <span class='ocrx_word' id='word_1_138' title='bbox 835 2017 999 2076; x_wconf 85' lang='lat' dir='ltr'>contrariis</span> <span class='ocrx_word' id='word_1_139' title='bbox 1021 2017 1145 2094; x_wconf 91' lang='lat' dir='ltr'>parieti-</span> 
     </span>
     <span class='ocr_line' id='line_1_19' title="bbox 141 2120 1145 2200; baseline 0.002 -20"><span class='ocrx_word' id='word_1_140' title='bbox 141 2121 200 2180; x_wconf 90' lang='lat' dir='ltr'>bus</span> <span class='ocrx_word' id='word_1_141' title='bbox 218 2121 280 2180; x_wconf 92' lang='lat' dir='ltr'>duo</span> <span class='ocrx_word' id='word_1_142' title='bbox 296 2121 482 2198; x_wconf 89' lang='lat' dir='ltr'>baptisteria</span> <span class='ocrx_word' id='word_1_143' title='bbox 503 2122 589 2180; x_wconf 91' lang='lat' dir='ltr'>velut</span> <span class='ocrx_word' id='word_1_144' title='bbox 610 2123 708 2182; x_wconf 90' lang='lat' dir='ltr'>eiecta</span> <span class='ocrx_word' id='word_1_145' title='bbox 729 2124 903 2197; x_wconf 86' lang='lat' dir='ltr'>sinuantur,</span> <span class='ocrx_word' id='word_1_146' title='bbox 919 2120 1041 2181; x_wconf 88' lang='lat' dir='ltr'>abunde</span> <span class='ocrx_word' id='word_1_147' title='bbox 1057 2141 1145 2200; x_wconf 88' lang='lat' dir='ltr'>capa·</span> 
     </span>
     <span class='ocr_line' id='line_1_20' title="bbox 140 2225 1142 2304; baseline 0.002 -20"><span class='ocrx_word' id='word_1_148' title='bbox 140 2225 198 2300; x_wconf 89' lang='lat' dir='ltr'>cia,</span> <span class='ocrx_word' id='word_1_149' title='bbox 222 2225 249 2285; x_wconf 92' lang='lat' dir='ltr'>si</span> <span class='ocrx_word' id='word_1_150' title='bbox 276 2244 362 2285; x_wconf 87' lang='lat' dir='ltr'>mare</span> <span class='ocrx_word' id='word_1_151' title='bbox 390 2226 423 2284; x_wconf 90' lang='lat' dir='ltr'>in</span> <span class='ocrx_word' id='word_1_152' title='bbox 444 2228 586 2303; x_wconf 85' lang='lat' dir='ltr'>proximo</span> <span class='ocrx_word' id='word_1_153' title='bbox 615 2228 739 2304; x_wconf 85' lang='lat' dir='ltr'>cogites.</span> <span class='ocrx_word' id='word_1_154' title='bbox 798 2228 930 2287; x_wconf 86' lang='lat' dir='ltr'>Adiacet</span> <span class='ocrx_word' id='word_1_155' title='bbox 956 2227 1142 2304; x_wconf 82' lang='lat' dir='ltr'>unctorium,</span> 
     </span>
    </p>

    <p class='ocr_par' dir='ltr' id='par_1_9' title="bbox 88 2326 1193 2514">
     <span class='ocr_line' id='line_1_21' title="bbox 88 2326 1193 2410; baseline 0.005 -21"><span class='ocrx_word' id='word_1_156' title='bbox 88 2348 93 2355; x_wconf 87' lang='lat'><strong>·</strong></span> <span class='ocrx_word' id='word_1_157' title='bbox 141 2330 366 2409; x_wconf 88' lang='lat' dir='ltr'>hypocauston,</span> <span class='ocrx_word' id='word_1_158' title='bbox 389 2332 511 2391; x_wconf 90' lang='lat' dir='ltr'>adiacet</span> <span class='ocrx_word' id='word_1_159' title='bbox 532 2326 725 2410; x_wconf 75' lang='lat' dir='ltr'>propnige&#39;on</span> <span class='ocrx_word' id='word_1_160' title='bbox 748 2333 872 2407; x_wconf 88' lang='lat' dir='ltr'>balinei,</span> <span class='ocrx_word' id='word_1_161' title='bbox 895 2339 967 2391; x_wconf 85' lang='lat' dir='ltr'>mox</span> <span class='ocrx_word' id='word_1_162' title='bbox 988 2333 1067 2392; x_wconf 89' lang='lat' dir='ltr'>duae</span> <span class='ocrx_word' id='word_1_163' title='bbox 1085 2334 1144 2392; x_wconf 88' lang='lat' dir='ltr'>cel·</span> <span class='ocrx_word' id='word_1_164' title='bbox 1163 2350 1193 2395; x_wconf 78' lang='lat'>20</span> 
     </span>
     <span class='ocr_line' id='line_1_22' title="bbox 140 2435 1143 2514; baseline 0.003 -19"><span class='ocrx_word' id='word_1_165' title='bbox 140 2435 189 2495; x_wconf 91' lang='lat' dir='ltr'>lae</span> <span class='ocrx_word' id='word_1_166' title='bbox 210 2436 311 2512; x_wconf 87' lang='lat' dir='ltr'>magis</span> <span class='ocrx_word' id='word_1_167' title='bbox 332 2436 491 2512; x_wconf 86' lang='lat' dir='ltr'>elegantes</span> <span class='ocrx_word' id='word_1_168' title='bbox 512 2456 605 2513; x_wconf 91' lang='lat' dir='ltr'>quam</span> <span class='ocrx_word' id='word_1_169' title='bbox 628 2444 844 2514; x_wconf 88' lang='lat' dir='ltr'>sumptuosae:</span> <span class='ocrx_word' id='word_1_170' title='bbox 876 2437 1021 2497; x_wconf 91' lang='lat' dir='ltr'>cohaeret</span> <span class='ocrx_word' id='word_1_171' title='bbox 1041 2438 1143 2498; x_wconf 90' lang='lat' dir='ltr'>calida</span> 
     </span>
    </p>

    <p class='ocr_par' dir='ltr' id='par_1_10' title="bbox 80 2536 1219 3042">
     <span class='ocr_line' id='line_1_23' title="bbox 80 2536 1152 2620; baseline 0.003 -20"><span class='ocrx_word' id='word_1_172' title='bbox 80 2536 120 2600; x_wconf 65' lang='lat'>&#39;⁴12</span> <span class='ocrx_word' id='word_1_173' title='bbox 139 2541 263 2619; x_wconf 87' lang='lat' dir='ltr'>piscina</span> <span class='ocrx_word' id='word_1_174' title='bbox 282 2541 423 2616; x_wconf 89' lang='lat' dir='ltr'>mirifica,</span> <span class='ocrx_word' id='word_1_175' title='bbox 453 2561 492 2600; x_wconf 85' lang='lat' dir='ltr'>ex</span> <span class='ocrx_word' id='word_1_176' title='bbox 520 2561 582 2619; x_wconf 93' lang='lat' dir='ltr'>qua</span> <span class='ocrx_word' id='word_1_177' title='bbox 609 2548 754 2602; x_wconf 90' lang='lat' dir='ltr'>natantes</span> <span class='ocrx_word' id='word_1_178' title='bbox 781 2563 865 2603; x_wconf 89' lang='lat' dir='ltr'>mare</span> <span class='ocrx_word' id='word_1_179' title='bbox 894 2544 1060 2620; x_wconf 87' lang='lat' dir='ltr'>aspiciunt,</span> <span class='ocrx_word' id='word_1_180' title='bbox 1086 2563 1152 2603; x_wconf 89' lang='lat' dir='ltr'>nec</span> 
     </span>
     <span class='ocr_line' id='line_1_24' title="bbox 139 2646 1143 2725; baseline 0.004 -20"><span class='ocrx_word' id='word_1_181' title='bbox 139 2647 248 2725; x_wconf 91' lang='lat' dir='ltr'>procul</span> <span class='ocrx_word' id='word_1_182' title='bbox 276 2646 543 2724; x_wconf 88' lang='lat' dir='ltr'>sphaeristerium,</span> <span class='ocrx_word' id='word_1_183' title='bbox 572 2649 655 2725; x_wconf 92' lang='lat' dir='ltr'>quod</span> <span class='ocrx_word' id='word_1_184' title='bbox 685 2648 876 2709; x_wconf 86' lang='lat' dir='ltr'>calidissimo</span> <span class='ocrx_word' id='word_1_185' title='bbox 905 2649 980 2718; x_wconf 61' lang='lat' dir='ltr'>soli„</span> <span class='ocrx_word' id='word_1_186' title='bbox 991 2649 1143 2710; x_wconf 90' lang='lat' dir='ltr'>inclinato</span> 
     </span>
     <span class='ocr_line' id='line_1_25' title="bbox 138 2735 1219 2831; baseline 0.004 -20"><span class='ocrx_word' id='word_1_187' title='bbox 138 2752 203 2812; x_wconf 85' lang='lat' dir='ltr'>iam</span> <span class='ocrx_word' id='word_1_188' title='bbox 224 2751 275 2812; x_wconf 86' lang='lat' dir='ltr'>die</span> <span class='ocrx_word' id='word_1_189' title='bbox 296 2752 438 2812; x_wconf 86' lang='lat' dir='ltr'>occurrit.</span> <span class='ocrx_word' id='word_1_190' title='bbox 490 2753 553 2811; x_wconf 92' lang='lat' dir='ltr'>Hic</span> <span class='ocrx_word' id='word_1_191' title='bbox 575 2754 672 2813; x_wconf 91' lang='lat' dir='ltr'>turris</span> <span class='ocrx_word' id='word_1_192' title='bbox 694 2754 834 2829; x_wconf 82' lang='lat' dir='ltr'>erigitur,</span> <span class='ocrx_word' id='word_1_193' title='bbox 857 2755 914 2814; x_wconf 90' lang='lat' dir='ltr'>sub</span> <span class='ocrx_word' id='word_1_194' title='bbox 936 2773 998 2831; x_wconf 92' lang='lat' dir='ltr'>qua</span> <span class='ocrx_word' id='word_1_195' title='bbox 1021 2735 1151 2814; x_wconf 87' lang='lat' dir='ltr'>diaetae</span> <span class='ocrx_word' id='word_1_196' title='bbox 1218 2768 1219 2773; x_wconf 76' lang='grc'>’</span> 
     </span>
     <span class='ocr_line' id='line_1_26' title="bbox 139 2857 1190 2936; baseline 0.005 -20"><span class='ocrx_word' id='word_1_197' title='bbox 139 2858 229 2933; x_wconf 84' lang='lat' dir='ltr'>duae,</span> <span class='ocrx_word' id='word_1_198' title='bbox 243 2858 376 2918; x_wconf 87' lang='lat' dir='ltr'>totidem</span> <span class='ocrx_word' id='word_1_199' title='bbox 390 2857 424 2915; x_wconf 91' lang='lat' dir='ltr'>in</span> <span class='ocrx_word' id='word_1_200' title='bbox 438 2857 516 2934; x_wconf 86' lang='lat' dir='ltr'>ipsa,</span> <span class='ocrx_word' id='word_1_201' title='bbox 532 2864 693 2935; x_wconf 90' lang='lat' dir='ltr'>praeterea</span> <span class='ocrx_word' id='word_1_202' title='bbox 707 2860 839 2934; x_wconf 89' lang='lat' dir='ltr'>cenatio,</span> <span class='ocrx_word' id='word_1_203' title='bbox 855 2877 933 2936; x_wconf 91' lang='lat' dir='ltr'>quae</span> <span class='ocrx_word' id='word_1_204' title='bbox 951 2859 1141 2927; x_wconf 89' lang='lat' dir='ltr'>latissimum</span> <span class='ocrx_word' id='word_1_205' title='bbox 1161 2876 1190 2921; x_wconf 81' lang='lat'>25</span> 
     </span>
     <span class='ocr_line' id='line_1_27' title="bbox 137 2962 1139 3042; baseline 0.002 -21"><span class='ocrx_word' id='word_1_206' title='bbox 137 2982 233 3038; x_wconf 88' lang='lat' dir='ltr'>mare,</span> <span class='ocrx_word' id='word_1_207' title='bbox 255 2962 473 3038; x_wconf 86' lang='lat' dir='ltr'>longissimum</span> <span class='ocrx_word' id='word_1_208' title='bbox 495 2963 579 3038; x_wconf 91' lang='lat' dir='ltr'>litus,</span> <span class='ocrx_word' id='word_1_209' title='bbox 601 2963 695 3024; x_wconf 84' lang='lat' dir='ltr'>villas</span> <span class='ocrx_word' id='word_1_210' title='bbox 723 2965 958 3025; x_wconf 85' lang='lat' dir='ltr'>amoenissimas</span> <span class='ocrx_word' id='word_1_211' title='bbox 980 2965 1139 3042; x_wconf 89' lang='lat' dir='ltr'>prospicit.</span> 
     </span>
    </p>

    <p class='ocr_par' dir='ltr' id='par_1_11' title="bbox 87 3067 1188 3572">
     <span class='ocr_line' id='line_1_28' title="bbox 87 3067 1141 3147; baseline 0.001 -20"><span class='ocrx_word' id='word_1_212' title='bbox 87 3081 117 3127; x_wconf 86' lang='lat'>13</span> <span class='ocrx_word' id='word_1_213' title='bbox 136 3069 198 3128; x_wconf 80' lang='lat' dir='ltr'>Est</span> <span class='ocrx_word' id='word_1_214' title='bbox 218 3073 250 3126; x_wconf 88' lang='lat' dir='ltr'>et</span> <span class='ocrx_word' id='word_1_215' title='bbox 269 3068 332 3127; x_wconf 88' lang='lat' dir='ltr'>alia</span> <span class='ocrx_word' id='word_1_216' title='bbox 348 3068 462 3127; x_wconf 85' lang='lat' dir='ltr'>turris:</span> <span class='ocrx_word' id='word_1_217' title='bbox 484 3068 518 3127; x_wconf 93' lang='lat' dir='ltr'>in</span> <span class='ocrx_word' id='word_1_218' title='bbox 535 3067 594 3128; x_wconf 92' lang='lat' dir='ltr'>hac</span> <span class='ocrx_word' id='word_1_219' title='bbox 609 3069 795 3145; x_wconf 88' lang='lat' dir='ltr'>cubiculum,</span> <span class='ocrx_word' id='word_1_220' title='bbox 812 3070 845 3128; x_wconf 93' lang='lat' dir='ltr'>in</span> <span class='ocrx_word' id='word_1_221' title='bbox 864 3089 925 3147; x_wconf 93' lang='lat' dir='ltr'>quo</span> <span class='ocrx_word' id='word_1_222' title='bbox 941 3071 987 3130; x_wconf 91' lang='lat' dir='ltr'>sol</span> <span class='ocrx_word' id='word_1_223' title='bbox 1002 3071 1141 3130; x_wconf 88' lang='lat' dir='ltr'>nascitur</span> 
     </span>
     <span class='ocr_line' id='line_1_29' title="bbox 136 3171 1140 3250; baseline 0.002 -18"><span class='ocrx_word' id='word_1_224' title='bbox 136 3172 359 3250; x_wconf 84' lang='lat' dir='ltr'>conditurque:</span> <span class='ocrx_word' id='word_1_225' title='bbox 396 3171 462 3232; x_wconf 88' lang='lat' dir='ltr'>lata</span> <span class='ocrx_word' id='word_1_226' title='bbox 482 3179 554 3250; x_wconf 88' lang='lat' dir='ltr'>post</span> <span class='ocrx_word' id='word_1_227' title='bbox 576 3173 727 3250; x_wconf 89' lang='lat' dir='ltr'>apotheca</span> <span class='ocrx_word' id='word_1_228' title='bbox 748 3181 780 3234; x_wconf 90' lang='lat' dir='ltr'>et</span> <span class='ocrx_word' id='word_1_229' title='bbox 800 3176 960 3234; x_wconf 87' lang='lat' dir='ltr'>horreum:</span> <span class='ocrx_word' id='word_1_230' title='bbox 998 3176 1055 3235; x_wconf 92' lang='lat' dir='ltr'>sub</span> <span class='ocrx_word' id='word_1_231' title='bbox 1082 3176 1140 3234; x_wconf 90' lang='lat' dir='ltr'>hoc</span> 
     </span>
     <span class='ocr_line' id='line_1_30' title="bbox 136 3278 1141 3358; baseline 0.004 -21"><span class='ocrx_word' id='word_1_232' title='bbox 136 3278 320 3353; x_wconf 90' lang='lat' dir='ltr'>triclinium,</span> <span class='ocrx_word' id='word_1_233' title='bbox 336 3279 419 3355; x_wconf 90' lang='lat' dir='ltr'>quod</span> <span class='ocrx_word' id='word_1_234' title='bbox 440 3279 558 3338; x_wconf 89' lang='lat' dir='ltr'>turbati</span> <span class='ocrx_word' id='word_1_235' title='bbox 580 3280 676 3339; x_wconf 90' lang='lat' dir='ltr'>maris</span> <span class='ocrx_word' id='word_1_236' title='bbox 698 3300 760 3339; x_wconf 91' lang='lat' dir='ltr'>non</span> <span class='ocrx_word' id='word_1_237' title='bbox 781 3281 843 3340; x_wconf 90' lang='lat' dir='ltr'>nisi</span> <span class='ocrx_word' id='word_1_238' title='bbox 865 3282 1019 3358; x_wconf 87' lang='lat' dir='ltr'>fragorem</span> <span class='ocrx_word' id='word_1_239' title='bbox 1043 3287 1075 3341; x_wconf 92' lang='lat' dir='ltr'>et</span> <span class='ocrx_word' id='word_1_240' title='bbox 1096 3302 1141 3343; x_wconf 86' lang='lat' dir='ltr'>so</span> 
     </span>
     <span class='ocr_line' id='line_1_31' title="bbox 135 3383 1188 3464; baseline 0.007 -22"><span class='ocrx_word' id='word_1_241' title='bbox 135 3402 211 3442; x_wconf 91' lang='lat' dir='ltr'>num</span> <span class='ocrx_word' id='word_1_242' title='bbox 239 3383 368 3461; x_wconf 86' lang='lat' dir='ltr'>patitur,</span> <span class='ocrx_word' id='word_1_243' title='bbox 397 3402 529 3460; x_wconf 92' lang='lat' dir='ltr'>eumque</span> <span class='ocrx_word' id='word_1_244' title='bbox 558 3385 620 3444; x_wconf 87' lang='lat' dir='ltr'>iam</span> <span class='ocrx_word' id='word_1_245' title='bbox 656 3385 840 3460; x_wconf 85' lang='lat' dir='ltr'>languidum</span> <span class='ocrx_word' id='word_1_246' title='bbox 868 3392 900 3445; x_wconf 92' lang='lat' dir='ltr'>et</span> <span class='ocrx_word' id='word_1_247' title='bbox 927 3387 1138 3464; x_wconf 84' lang='lat' dir='ltr'>desinentem3</span> <span class='ocrx_word' id='word_1_248' title='bbox 1160 3405 1188 3450; x_wconf 87' lang='lat'>30</span> 
     </span>
     <span class='ocr_line' id='line_1_32' title="bbox 134 3482 1165 3572; baseline -0.006 -26"><span class='ocrx_word' id='word_1_249' title='bbox 134 3488 259 3547; x_wconf 91' lang='lat' dir='ltr'>hortum</span> <span class='ocrx_word' id='word_1_250' title='bbox 295 3494 328 3548; x_wconf 90' lang='lat' dir='ltr'>et</span> <span class='ocrx_word' id='word_1_251' title='bbox 360 3489 571 3564; x_wconf 85' lang='lat' dir='ltr'>gestationem</span> <span class='ocrx_word' id='word_1_252' title='bbox 599 3491 703 3568; x_wconf 83' lang='lat' dir='ltr'>videt,</span> <span class='ocrx_word' id='word_1_253' title='bbox 731 3482 798 3572; x_wconf 77' lang='lat' dir='ltr'>qua</span> <span class='ocrx_word' id='word_1_254' title='bbox 823 3492 947 3551; x_wconf 75' lang='lat' dir='ltr'>hortus</span> <span class='ocrx_word' id='word_1_255' title='bbox 968 3491 1165 3548; x_wconf 59' lang='lat' dir='ltr'>indusimus,</span> 
     </span>
    </p>

    <p class='ocr_par' dir='ltr' id='par_1_12' title="bbox 68 3581 1201 3682">
     <span class='ocr_line' id='line_1_33' title="bbox 68 3581 1201 3682; baseline 0.01 -34"><span class='ocrx_word' id='word_1_256' title='bbox 68 3608 99 3649; x_wconf 60' lang='grc' dir='ltr'>ιι</span> <span class='ocrx_word' id='word_1_257' title='bbox 122 3591 270 3652; x_wconf 79' lang='lat' dir='ltr'>Gestatio</span> <span class='ocrx_word' id='word_1_258' title='bbox 285 3593 371 3656; x_wconf 82' lang='lat' dir='ltr'>buxo</span> <span class='ocrx_word' id='word_1_259' title='bbox 396 3604 454 3662; x_wconf 89' lang='lat' dir='ltr'>aut</span> <span class='ocrx_word' id='word_1_260' title='bbox 479 3621 554 3666; x_wconf 88' lang='lat' dir='ltr'>rore</span> <span class='ocrx_word' id='word_1_261' title='bbox 575 3604 722 3682; x_wconf 82' lang='lat' dir='ltr'>marino,</span> <span class='ocrx_word' id='word_1_262' title='bbox 734 3602 801 3666; x_wconf 74' lang='lat' dir='ltr'>ubi</span> <span class='ocrx_word' id='word_1_263' title='bbox 818 3597 1081 3662; x_wconf 54' lang='lat' dir='ltr'>detestamus</span> <span class='ocrx_word' id='word_1_264' title='bbox 1094 3581 1201 3642; x_wconf 49' lang='lat' dir='ltr'>‘effi&#39;</span> 
     </span>
    </p>
   </div>
   <div class='ocr_carea' id='block_1_3' title="bbox 0 0 1260 3870">
    <p class='ocr_par' dir='ltr' id='par_1_13' title="bbox 0 0 1260 3870">
     <span class='ocr_line' id='line_1_34' title="bbox 0 0 1260 3870; baseline 0 3"><span class='ocrx_word' id='word_1_265' title='bbox 0 0 1260 3870; x_wconf 95' lang='lat' dir='ltr'> </span> 
     </span>
    </p>
   </div>
  </div>
 </body>
</html>
