2512 3870
565 167 597 217 C.
618 166 718 217 PLINI

505 403 558 466 aa
586 402 775 481 (monn.)
872 182 980 451 is

392 581 422 632 C.
448 580 593 630 PLINIUS
615 580 748 630 TACITO
772 580 840 631 SUO
863 580 890 631 S.

116 793 121 802 ι
201 730 284 791 Pliny
295 729 388 779 mutes
399 735 426 779 to
439 729 469 778 be
481 728 677 778 immortalr'zed
688 729 718 777 ia
730 728 773 778 the
784 728 909 778 historico
920 728 953 791 os
966 728 1085 778 Tacitus.

180 875 335 951 Auguror,
350 892 406 933 nec
421 891 471 931 me
486 872 573 932 fallit
587 873 760 948 augurium,
772 872 921 932 historias
935 879 1006 932 tuas
1022 873 1146 931 immor·
1165 877 1177 921 1

140 981 221 1041 tales
245 980 386 1054 futuras3
418 997 480 1055 quo
504 977 603 1053 magis
630 977 706 1052 illis,
731 978 864 1053 ingenue
889 978 1020 1052 fatebor,
1045 977 1145 1038 inseri

140 1085 240 1164 cupio.
282 1086 367 1144 Nam
388 1084 414 1144 si
436 1101 504 1143 esse
528 1083 618 1142 nobis
640 1102 732 1142 curae
754 1083 833 1142 solet
854 1089 890 1142 ut
912 1083 1010 1143 facies
1034 1089 1146 1144 nostra
1164 1096 1178 1140 2

62 1207 66 1215 ·
141 1191 180 1252 ab
202 1190 321 1269 optimo
348 1206 471 1266 quoque
496 1187 615 1247 artifice
640 1188 841 1265 exprimatur,
866 1207 969 1247 nonne
993 1188 1144 1248 debemus

107 1316 122 1361 o
141 1303 249 1375 optare
268 1302 304 1354 ut
324 1295 470 1372 operibus
491 1294 606 1354 nostris
628 1293 741 1354 similis
761 1293 809 1353 tui
830 1294 964 1371 scriptor
985 1294 1145 1371 praedica

140 1408 252 1479 torque
284 1400 469 1475 contingat?
532 1400 719 1458 Demonstro
746 1379 829 1474 erg0‚
856 1418 1046 1476 quamquam
1073 1399 1179 1458 dili-3

141 1506 278 1582 gentiam
307 1511 393 1564 tuam
421 1506 529 1579 fugere
557 1522 620 1563 non
644 1504 752 1582 possit,
777 1523 847 1563 cuin
876 1504 919 1564 sit
946 1504 979 1563 in
1007 1505 1145 1582 publicis

141 1611 230 1687 actis,
245 1611 423 1670 demonstro
438 1616 552 1684 tamen,
567 1629 629 1687 quo
643 1610 742 1685 magis
755 1609 864 1669 credas
878 1610 1048 1669 iucundum
1063 1609 1145 1668 mihi

141 1717 293 1791 futurum,
317 1715 344 1774 si
368 1714 487 1774 factum
509 1733 621 1789 meum,
644 1714 733 1773 cuius
753 1714 855 1789 gratia
875 1714 1013 1792 periculo
1033 1714 1144 1789 crevit,

93 1837 123 1883 10
141 1828 196 1881 tuo
216 1821 350 1897 ingenio,
372 1826 427 1879 tuo
448 1818 628 1878 testimonio
648 1818 816 1879 ornaveris.
867 1820 1005 1878 Dederat
1026 1838 1077 1878 me
1099 1832 1179 1879 ses

141 1933 234 1986 natus
261 1945 331 1985 cum
363 1924 525 1983 Herennio
553 1923 722 1984 Senecione
749 1924 935 1984 advocatum
963 1923 1145 2002 provinciae

141 2032 288 2091 Baeticae
315 2035 424 2089 contra
448 2028 599 2088 Baebium
626 2029 774 2104 Massam,
799 2029 1007 2107 damnatoque
1035 2031 1147 2090 Massa

141 2142 305 2196 censuerat
325 2141 361 2194 ut
381 2134 463 2194 bona
483 2134 549 2194 eius
573 2134 698 2212 publice
721 2135 959 2194 custodirentur.
1004 2135 1145 2211 Senecio,

141 2260 212 2302 cum
232 2241 424 2318 explorasset
442 2239 586 2298 consules
603 2239 868 2317 postulationibus
887 2247 1060 2316 vacaturos,
1075 2260 1147 2301 con-

95 2363 123 2408 16
142 2346 230 2405 venit
256 2365 306 2405 me
333 2353 365 2406 et
393 2353 473 2424 ‘qua
499 2348 679 2407 concordia'
704 2347 809 2424 inquit
834 2345 1024 2405 ‘iniunctam
1052 2346 1146 2407 nobis

142 2451 369 2511 accusationem
384 2452 524 2511 exsecuti
540 2455 655 2528 sumus,
666 2453 724 2511 hac
740 2453 887 2512 adeamus
901 2451 1044 2511 consules
1058 2456 1146 2529 peta

142 2574 272 2634 musque
286 2574 325 2615 ne
340 2556 421 2616 bona
434 2557 582 2634 dissipari
602 2557 708 2617 sinant
725 2576 855 2634 quorum
870 2575 938 2616 esse
952 2555 986 2614 in
999 2556 1146 2626 custodia

142 2661 277 2721 debent?
318 2661 480 2738 Respondi
502 2667 588 2721 ‘cum
611 2661 708 2722 simus
729 2662 873 2721 advocati
894 2681 913 2721 a
934 2667 1045 2721 senatu
1066 2661 1144 2737 dati,
1164 2677 1180 2723 5

143 2768 262 2845 dispice
279 2788 353 2826 num
371 2774 513 2846 peractas
530 2773 621 2845 putes
638 2773 742 2845 partes
759 2774 882 2827 nostras
900 2773 1026 2827 senatus
1041 2767 1146 2843 cogni·

94 2885 124 2931 20
142 2874 227 2933 tione
254 2873 363 2932 finita’
417 2875 460 2932 Et
487 2873 541 2936 ille
570 2878 622 2932 ‘tu
652 2892 745 2950 quem
773 2874 859 2933 voles
887 2873 946 2933 tibi
973 2873 1145 2932 terminum

143 2984 271 3052 statues,
300 2979 351 3037 cui
379 2978 467 3037 nulla
493 2997 563 3037 cum
598 2979 760 3056 provincia
788 2979 986 3038 necessitudo
1012 2977 1076 3037 nisi
1105 2997 1145 3038 ex

142 3083 292 3145 beneficio
306 3090 369 3158 tuo,
384 3090 416 3142 et
429 3084 487 3143 hoc
503 3083 636 3143 recenti:
659 3084 726 3162 ipse
738 3091 769 3143 et
783 3091 876 3144 natus
892 3084 935 3143 ibi
950 3088 981 3143 et
996 3089 1146 3160 quaestor

142 3189 177 3249 in
191 3209 228 3249 ea
241 3189 309 3248 fui!
351 3191 427 3247 Turn
445 3209 501 3266 ego
516 3190 560 3249 ‘si
575 3190 672 3248 fixum
690 3190 748 3250 tibi
766 3190 852 3249 istud
871 3209 906 3248 ac
926 3189 1145 3264 deliberatum,
1165 3203 1181 3248 6

143 3314 255 3373 sequar
276 3301 316 3368 te,
338 3300 382 3369 ut,
405 3295 431 3354 si
450 3314 514 3372 qua
535 3313 574 3354 ex
594 3296 653 3354 hoc
677 3295 807 3370 invidia,
832 3314 895 3353 non
919 3299 1043 3353 tantmn
1067 3295 1145 3354 tua!

94 3413 123 3459 25
142 3400 296 3461 Venimus
320 3400 360 3459 ad
384 3400 536 3475 consules,
562 3401 639 3460 dicit
664 3400 792 3460 Senecio
817 3417 896 3476 quac
925 3417 974 3458 res
1001 3398 1181 3459 ferebam

127 3505 239 3583 aliqua
274 3506 442 3588 subiungo.
506 3506 650 3570 Vixdum
683 3505 942 3576 conticueramus,
971 3508 1005 3560 et
1037 3504 1148 3564 Massa

54 3615 493 3706 ‘yslyfistusSonecionern
508 3638 579 3681 non
597 3613 753 3679 advocati
766 3610 870 3670 tidem
883 3606 945 3664 seu
950 3603 1175 3660 minimam
