2512 3870
157 157 198 221 w
581 168 734 219 omn

154 341 241 400 exitu
269 342 337 400 eius
365 343 444 401 scire
465 342 602 402 voluisti.
645 343 755 400 finem
782 361 856 418 ergo
882 342 1006 400 faciam.
1050 344 1162 402 Unum
1180 354 1209 397 22

155 447 286 505 adiciam
312 449 417 505 omnia
442 467 490 505 ise
512 448 626 524 quibus
648 448 853 506 interfueram
874 466 1015 524 quaeque
1037 447 1160 521 statim,

154 571 225 611 curn
252 554 387 611 maxime
412 572 485 611 vera
512 568 732 625 memorantur,
761 553 921 611 audieram
948 558 1159 630 persecutum.

154 659 202 715 Tu
217 659 382 735 potissima
396 677 550 736 excerpes.
593 659 692 716 Aliud
712 672 760 718 est
781 659 865 716 enim
879 658 1048 735 epistulam
1070 658 1161 717 aliud

120 775 136 818 5
155 763 329 836 historiam,
343 763 431 822 aliud
445 764 546 822 amieo
560 763 646 822 aliud
660 764 805 823 omnibus
819 764 963 824 scribere.
1006 763 1095 824 Vale.

562 977 615 1037 71.
644 975 745 1055 (XX.)
940 872 1069 1148 s

406 1106 905 1179 mmmmmms

215 1272 378 1332 Experierce
390 1273 423 1333 os
437 1272 519 1333 Pliny
531 1272 586 1321 ond
597 1273 640 1320 lrr's
652 1273 754 1321 mother
765 1273 866 1335 durinp
878 1274 921 1322 tle
933 1275 1056 1334 eruption
1069 1274 1102 1341 cs

590 1361 725 1412 l'earTrr'us.

195 1502 253 1560 Ais
274 1510 305 1561 te
326 1502 494 1561 adductum
517 1503 633 1562 litteris
655 1523 732 1580 quas
756 1505 894 1574 erigenti
917 1504 974 1563 tibi
998 1505 1037 1562 de
1058 1511 1160 1564 morte
1180 1519 1191 1563 1

155 1608 301 1666 avunculi
316 1609 376 1665 mei
392 1608 502 1684 scripsi
522 1626 635 1685 cupere
657 1628 839 1683 cognoscere
863 1629 940 1686 quos
960 1628 1017 1686 ego
1039 1610 1160 1670 Miseni

155 1714 283 1772 relictus
300 1713 312 1789 l
314 1713 346 1771 id
361 1713 445 1770 enirn
460 1713 618 1787 ingressus
640 1713 837 1793 abruperam)
854 1733 916 1772 non
938 1713 1037 1774 solum
1054 1720 1160 1774 metus

155 1838 260 1877 verum
280 1818 375 1877 etiam
388 1836 479 1878 casus
501 1818 691 1895 pertulerim.
720 1820 927 1896 ‘Quamquam
950 1820 1075 1879 animus
1097 1840 1161 1878 me

108 1938 136 1982 ιο
155 1925 283 1984 nrinisse
311 1924 426 1997 horret,
449 1923 622 2000 incipiam'
649 1911 796 1982 Profecto
819 1925 973 1984 avunculo
996 1925 1065 2001 ipse
1088 1925 1194 1988 reli-2

155 2050 250 2106 quurn
272 2036 396 2106 ternpus
419 2029 532 2087 studiis
556 2029 640 2105 (ideo
660 2029 743 2086 eninr
768 2031 990 2109 remanseram)
1006 2030 1158 2107 inpendi:

154 2155 227 2193 mox
240 2134 408 2208 balineum,
423 2152 508 2207 cena,
524 2109 651 2193 somnus
673 2134 833 2210 inquietus
856 2142 887 2193 et
909 2134 1020 2197 brevis.
1064 2135 1196 2197 Prae-a

154 2245 290 2299 cesserat
318 2257 373 2315 per
400 2238 514 2296 multos
542 2239 609 2299 dies
638 2244 754 2297 tremor
781 2245 882 2299 terrae
918 2238 1022 2299 minus
1051 2239 1185 2298 formi.

155 2346 280 2404 dolosus
308 2344 383 2420 quia
410 2344 598 2420 Campaniae
627 2344 746 2404 solitus.
803 2344 866 2404 illa
886 2362 960 2403 vero
990 2349 1082 2404 noete
1112 2345 1160 2405 ita

106 2460 134 2505 15
154 2450 289 2509 invaluit
306 2456 342 2507 ut
362 2468 424 2507 non
438 2450 556 2507 moveri
571 2449 675 2509 omnia
689 2451 744 2510 sed
758 2456 838 2509 vertr
852 2449 1060 2509 crederentur.
1092 2444 1159 2509 ¹In·
1178 2466 1195 2511 4

18 2202 58 2223 *N-

154 2555 273 2633 rumpit
296 2554 470 2614 cubiculum
496 2573 599 2613 meum
620 2560 734 2614 mater:
765 2555 937 2630 surgebam,
959 2554 1107 2631 invicem,
1130 2555 1180 2615 si¹
1241 2619 1244 2625 ,

153 2661 336 2738 putesceret,
352 2660 569 2739 excitaturus„
595 2659 776 2720 Residimus
798 2660 832 2718 in
853 2679 926 2720 area
939 2660 1058 2735 domus,
1074 2650 1158 2738 onae

154 2785 238 2825 rnare
253 2785 272 2825 a
286 2765 378 2825 tectis
393 2764 514 2823 modico
537 2765 639 2841 spatio
661 2764 829 2824 dividebat.
871 2764 990 2825 Dubito
1011 2770 1159 2826 constan·
1177 2777 1193 2823 o

152 2873 228 2932 tiam
247 2889 355 2930 vocare
370 2889 408 2929 an
423 2869 656 2946 inprudentiam
671 2870 816 2945 debeam;
840 2870 969 2946 agebam
981 2869 1067 2928 enim
1082 2870 1159 2931 duo

104 2990 133 3035 20
153 2977 376 3037 ‹levicesimum
400 2994 532 3034 annum:
562 2993 655 3053 posco
682 2974 797 3034 librum
822 2975 887 3034 Titi
910 2974 982 3033 Livi
1006 2981 1039 3034 et
1063 2976 1157 3055 quasi

152 3104 207 3162 per
222 3083 321 3143 otium
335 3081 405 3156 lego
419 3087 513 3158 atque
529 3081 633 3154 etiarn,
645 3086 681 3138 ut
694 3098 864 3157 coeperam,
877 3100 1016 3158 excerpo.
1060 3082 1155 3159 Ecce,

152 3191 269 3249 anricus
289 3184 445 3261 avunculi,
461 3186 515 3263 qui
530 3205 629 3262 nuper
643 3185 684 3246 ad
701 3205 770 3244 eum
786 3205 824 3245 ex
838 3186 996 3264 Hispania
1013 3193 1157 3263 venerat,

151 3302 187 3355 ut
202 3314 250 3354 inc
265 3300 297 3353 et
312 3299 442 3352 matrem
458 3293 611 3364 sedentes,
627 3310 675 3349 me
689 3310 763 3350 vero
778 3291 871 3351 etiam
888 3292 1045 3367 legentem
1055 3293 1156 3370 videt,

150 3400 237 3461 illius
253 3399 448 3477 patientiam,
465 3396 663 3457 securitatem
681 3415 780 3455 meam
798 3397 944 3474 corripit:
966 3398 1069 3457 nihilo
1090 3418 1158 3477 seg-

82 3518 119 3563 aa
134 3506 211 3567 nius
234 3524 294 3583 ego
317 3505 464 3569 intentus
487 3502 523 3565 in
543 3502 672 3563 librum.
710 3502 785 3560 lam
802 3502 888 3560 bora
907 3503 973 3558 diei
988 3502 1105 3576 prima,
1123 3510 1158 3563 et
1175 3519 1195 3567 e.

113 3610 229 3675 adlnrc
261 3614 386 3679 dubins
412 3622 445 3679 et
471 3613 572 3699 quasi
593 3609 774 3688 languidus
798 3605 879 3665 dies.
923 3603 1005 3659 lam
1023 3603 1189 3674 dmm
