2512 3870
416 177 679 230 nrrsrunlnuu
702 177 752 228 111.
772 178 813 228 21.
1073 167 1115 231 53

110 352 371 426 decucurrerunt3
394 351 477 428 quod
493 350 620 409 interim
641 349 734 426 plane
756 348 928 409 remedium
945 349 1024 410 fuit:
1047 355 1116 410 erat

74 472 89 517 8
110 457 195 516 enim
213 476 329 516 novum
343 461 376 515 01
391 455 537 515 subitum.
581 455 643 515 Scd
658 473 765 514 vercor
779 474 819 514 ne
833 455 1020 531 procedente
1041 462 1116 515 tem-

110 581 185 640 pore
206 581 245 622 ex
266 562 334 639 ipso
356 561 493 620 remedio
508 561 587 619 vitia
608 567 783 619 nascantur.
827 561 885 620 Est
900 560 983 619 enim
998 561 1116 638 pericu·
1163 550 1165 554 ¹

110 668 176 727 lum
191 687 230 726 ne
244 667 350 727 tacitis
366 666 524 742 suffragiis
539 665 725 743 inpudentia
746 665 878 743 inrepat.
921 666 1005 724 Nam
1019 674 1115 743 quoto

74 789 89 833 9
111 774 222 851 cuique
233 773 342 833 cadem
354 772 528 833 honestatis
539 791 615 832 cura
626 779 744 832 secreto
755 790 834 850 quae
846 773 977 850 palam?
1017 773 1114 832 Multi
1134 785 1149 831 0

111 881 237 955 famam,
252 879 475 939 conscientiam
486 879 582 956 ,pauci
597 883 751 938 verentur.
796 876 857 938 Sed
875 879 970 938 nimis
991 879 1055 938 cito
1075 879 1114 938 de

111 985 243 1045 futuris:
269 985 396 1045 interim
419 984 570 1044 beneficio
591 984 775 1044 tabellarum
799 984 982 1046 habebimus
1004 988 1115 1064 magis-

111 1096 213 1166 tratns
233 1092 290 1181 qni
315 1093 450 1152 maxime
471 1092 539 1152 fieri
564 1093 746 1153 debuerunt.
789 1093 873 1152 Nam
891 1093 980 1152 utin
1001 1093 1115 1171 recipe-

111 1195 236 1257 ratoriis
261 1197 387 1258 iudiciis
415 1198 460 1258 sic
487 1217 543 1258 nos
572 1198 605 1257 in
633 1197 683 1257 his
710 1197 846 1258 comitiis
871 1197 961 1275 quasi
986 1205 1146 1276 repente..

61 1311 92 1356 10
112 1303 299 1381 adprehensi
327 1303 441 1363 sinceri
469 1303 589 1363 iudices
619 1303 745 1364 fuimus.
788 1304 877 1364 Haec
905 1304 964 1364 tibi
992 1304 1113 1382 scripsi,
1135 1317 1163 1363 10

111 1411 256 1489 primum,
277 1419 314 1473 ut
334 1414 456 1492 aliquid
477 1415 549 1474 novi
571 1415 746 1489 scriberem,
762 1415 884 1490 deinde,
899 1420 935 1474 ut
951 1433 1014 1473 non
1028 1433 1115 1473 num-

112 1536 205 1594 quam
220 1518 258 1578 de
273 1537 306 1578 re
321 1520 447 1597 publica
460 1520 611 1597 loquerer,
626 1521 715 1581 cuius
728 1521 877 1580 materiae
892 1520 981 1580 nobis
997 1524 1115 1596 quanto

35 1687 38 1695 ¹
111 1623 209 1682 rarior
228 1643 322 1702 quam
342 1625 499 1686 veteribus
514 1627 633 1686 occasio
648 1632 737 1686 tanto
751 1626 854 1685 minus
868 1625 1043 1703 omittenda
1057 1630 1112 1684 est.

21 1761 24 1766 ·
61 1735 90 1780 11
111 1728 154 1787 Et
180 1728 306 1788 hercule
334 1750 495 1808 quousque
519 1731 577 1791 illa
598 1731 740 1806 vulgaria
764 1731 858 1808 ‘quid
880 1730 972 1806 agis?
1001 1729 1114 1807 ecquid

111 1822 270 1894 commode
286 1834 416 1895 vales?'
457 1836 606 1896 Habeant
626 1842 750 1896 nostrae
772 1855 895 1913 quoque
916 1836 1041 1895 litterae
1061 1835 1115 1895 ali·
1134 1846 1163 1892 15

112 1938 189 2015 quid
202 1958 265 2000 non
279 1940 398 2000 humile
419 1959 476 2000 nec
498 1942 659 2001 sordidum
681 1961 738 2001 nec
758 1941 891 2019 privatis
909 1941 1000 2001 rebus
1018 1940 1114 1999 inclu-

61 2049 91 2094 12
112 2063 190 2104 sum.
234 2045 314 2104 Sunt
341 2046 467 2123 quidem
494 2052 608 2107 cuncta
628 2048 687 2107 sub
707 2047 801 2107 unius
822 2045 961 2121 arbitri0,
982 2045 1036 2122 qui
1057 2064 1113 2122 pro

111 2148 252 2209 utilitate
266 2151 423 2210 communi
438 2152 522 2212 solus
536 2152 674 2211 omnium
699 2171 788 2211 curas
810 2151 992 2228 laboresque
1015 2168 1115 2211 susce·

112 2254 177 2332 pit;
199 2255 327 2333 quidam
341 2262 448 2316 tamen
465 2257 584 2318 salubri
604 2263 851 2335 temperamento
866 2258 904 2316 ad
919 2277 975 2317 nos
990 2274 1113 2334 quoque

111 2359 199 2420 velut
219 2361 282 2421 rivi
303 2381 342 2422 ex
363 2362 419 2421 illo
439 2344 666 2439 benignissimo
682 2364 771 2422 101110
791 2363 968 2436 decurrunt,
983 2381 1060 2440 quos
1082 2367 1114 2421 et
1134 2375 1163 2420 00
1220 2347 1222 2350 ’

111 2465 237 2526 haurire
251 2467 314 2545 ipsi
329 2473 361 2527 01
374 2468 557 2529 absentibus
576 2468 686 2529 amicis
701 2468 791 2547 quasi
806 2468 985 2528 ministrare
999 2467 1114 2545 epistu-

112 2570 152 2632 lis
166 2591 339 2650 possumus.
382 2574 468 2635 Vale.

512 2754 565 2815 41.
594 2751 713 2831 (11111.)

267 2911 298 2963 C.
320 2911 465 2964 PLINIUS
488 2911 668 2963 CORNELIO
689 2911 817 2964 PRISCO
840 2911 908 2963 SUO
931 2912 958 2962 S.
1001 2870 1060 3008 ll!

217 3059 358 3110 Marticl’c
369 3060 447 3110 death
454 3073 465 3126 ;
483 3074 520 3111 011
532 3062 650 3124 epiorum
663 3061 695 3124 cs
702 3061 745 3110 11111
756 3063 785 3111 in
800 3060 904 3121 Pliuy'c
916 3060 1008 3110 honor.
1060 3040 1063 3044 ¹

77 3214 90 3260 1
152 3202 256 3263 Audio
271 3204 429 3265 Valerium
453 3205 633 3266 Martialem
653 3205 824 3266 decessisse
840 3211 871 3264 01
886 3204 1015 3264 moleste
1036 3205 1111 3264 iero.

111 3309 188 3369 Erat
212 3309 306 3369 homo
327 3310 507 3397 ingeniosus
520 3318 637 3397 'acutus'
655 3330 738 3393 acer,
760 3316 792 3370 et
813 3311 868 3389 qui
888 3310 1058 3388 plurimum
1080 3310 1114 3368 in

112 3415 275 3475 scribendo
296 3419 329 3474 01
350 3415 424 3476 salis
446 3392 576 3476 haberet
596 3423 629 3476 et
649 3416 735 3477 fellis
756 3434 813 3476 nec
834 3415 979 3476 candoris
1000 3414 1114 3472 minus.
1133 3427 1165 3469 as

76 3525 91 3571 2
111 3520 297 3599 Prosecutus
311 3521 392 3582 arani
412 3502 529 3586 viatico
551 3514 777 3588 secedentem:
801 3523 966 3586 dederam
975 3519 1049 3575 *noc
1067 3510 1149 3569 andn-

93 3621 196 3701 qitr'ae,
212 3623 361 3688 dederam
385 3632 490 3697 etiarn
512 3638 697 3717 versiculis
722 3654 810 3721 quos
831 3633 878 3694 de
895 3645 957 3690 me
976 3606 1186 3692 compossu-
