2512 3870
147 167 190 230 42
575 180 606 230 c.
626 180 725 229 runu

147 352 573 430 sum,quantnn1egosapio,
590 353 643 429 qui
662 353 796 412 fortasse
818 352 852 410 in
873 351 957 411 omni
979 369 1021 427 re,
1035 350 1070 409 in
1090 350 1150 410 hac

147 463 229 516 certe
250 476 400 535 perquam
421 458 569 532 exiguum
590 458 694 534 sapio:
724 457 783 516 hoc
811 463 917 516 tamen
944 456 1070 533 signum
1091 475 1149 531 ego

147 581 269 640 quoque
284 562 441 637 intellego.
484 564 543 622 Est
557 563 640 621 enirn
655 564 774 622 nudum
788 581 844 621 nec
858 568 913 622 aut
934 562 1021 636 vitia,
1037 561 1064 622 si
1086 580 1150 638 qua
1169 573 1183 617 2

147 674 229 742 sunt,
255 667 336 727 celat
359 674 415 735 aut
438 668 546 728 laudes
575 688 684 746 parurn
709 673 861 728 ostentat:
894 667 1014 743 effingit
1042 685 1149 728 senem

111 779 298 848 ostantenr;
334 793 412 847 ossa,
442 775 583 848 musculi,
612 774 710 847 nervi,
739 792 844 848 venae,
872 792 965 848 rugae
993 773 1089 832 etiam
1113 779 1149 832 ut

147 879 295 955 spirantis
325 885 487 956 apparent,
512 880 573 938 rari
594 884 627 938 et
648 879 794 938 cedentes
815 878 931 955 capilli,
956 878 1022 937 lata
1049 878 1148 952 frons,

146 990 307 1044 contracta
330 985 437 1059 facies,
459 985 540 1043 exile
562 971 685 1060 collum,
709 985 847 1061 pendent
868 983 988 1059 lacerti,
1010 982 1148 1061 papillae

146 1089 257 1163 iacent,
273 1096 382 1149 venter
397 1090 532 1149 recessit.
576 1090 605 1148 A
620 1095 707 1165 tergo
728 1108 851 1167 quoque
873 1089 982 1148 eadem
1003 1094 1090 1148 aetas
1112 1093 1148 1147 ut
1170 1101 1186 1146 3

146 1200 273 1284 atergo.
317 1194 380 1254 Aes
395 1195 508 1271 ipsum,
524 1202 675 1272 quantum
695 1214 786 1254 verus
807 1195 890 1254 color
912 1193 1040 1269 indicat,
1055 1199 1149 1253 vetus

99 1311 126 1356 10
146 1304 178 1357 et
206 1299 352 1358 anticum.
396 1300 486 1359 Talia
513 1300 647 1377 (lenique
668 1300 772 1359 ornnia
793 1306 828 1359 ut
848 1299 971 1376 possint
992 1298 1150 1358 artificum

147 1404 251 1462 oculos
276 1409 392 1479 tenere,
414 1405 569 1465 delectare
597 1406 820 1482 imperitorum.
863 1398 951 1475 Quod
972 1423 1021 1464 mc
1042 1413 1188 1481 quam-4

147 1529 240 1585 quarn
255 1510 445 1567 tirunculum
462 1510 645 1569 sollicitavit
662 1512 702 1570 ad
723 1511 896 1570 emendum.
939 1510 1011 1568 Emi
1032 1514 1150 1585 autem,

147 1633 209 1672 non
231 1619 265 1673 ut
286 1615 432 1674 lrabereur
452 1616 536 1674 dorni
559 1616 673 1692 (neque
695 1616 777 1674 enirn
799 1615 898 1674 ullum
920 1615 1021 1675 adhuc
1042 1614 1153 1674 Corin-

147 1719 248 1778 thium
264 1720 347 1778 dorni
363 1721 605 1801 habeo),veru1n
620 1721 702 1779 utin
717 1720 821 1796 patria
834 1726 941 1780 nostra
951 1718 1066 1780 celebri
1080 1719 1153 1779 loco

99 1840 127 1886 15
147 1845 303 1903 ponerem,
321 1845 356 1885 ac
378 1826 576 1904 potissimum
598 1827 630 1884 in
653 1826 738 1886 Iovis
760 1827 895 1903 templo:
918 1825 1043 1898 videtur
1063 1825 1153 1885 enim
1175 1842 1192 1887 o

148 1931 277 2006 dignuin
298 1932 424 2009 templo,
440 1932 570 2006 dignum
591 1932 648 1990 deo
670 1932 798 1998 donum„
837 1932 885 1989 Tu
906 1949 987 2007 ergo,
1009 1936 1046 1990 ut
1066 1931 1154 1993 soles

147 2036 252 2095 omnia
265 2056 345 2113 quae
359 2055 378 2095 a
392 2055 440 2094 me
455 2036 514 2095 tibi
533 2036 748 2112 iniungantur,
764 2036 887 2113 suscipe
901 2036 982 2095 hanc
995 2054 1104 2095 curam
1119 2042 1155 2097 et

148 2142 209 2201 iarn
231 2161 312 2201 nunc
334 2142 405 2201 iube
427 2143 526 2202 basini
547 2142 625 2217 fieri,
641 2161 680 2201 ex
701 2162 763 2217 quo
785 2143 870 2201 voles
891 2120 1052 2216 marmore,
1068 2161 1156 2219 quae

147 2266 260 2305 nornen
281 2266 383 2305 meum
406 2247 598 2324 honoresque
621 2247 733 2324 capiat,
752 2247 778 2307 si
798 2247 856 2306 hos
878 2265 1000 2324 quoque
1021 2247 1156 2324 putabis

99 2369 128 2425 20
148 2352 315 2411 addendos.
359 2353 426 2426 Ego
441 2352 564 2427 signnm
586 2353 697 2429 ipsum,
713 2358 749 2410 ut
770 2352 904 2428 primurn
926 2331 1075 2410 invenero
1098 2352 1194 2418 ali-e

148 2476 240 2533 quern
255 2457 309 2534 qui
324 2477 386 2514 non
400 2458 691 2532 gr·arctur,1nittanr
706 2457 774 2532 tibi,
785 2457 836 2515 vel
852 2456 927 2534 ipse,
940 2456 1024 2535 quod
1037 2457 1156 2535 marie,

149 2563 289 2621 adferam
303 2581 431 2620 mecum.
475 2563 606 2622 Destino
618 2563 710 2636 euim,
723 2563 750 2622 si
764 2567 869 2620 tamen
881 2561 975 2621 officii
987 2552 1070 2621 ratio
1085 2581 1159 2640 pcr-

148 2668 278 2743 miserit,
294 2667 456 2726 excurrere
470 2668 539 2727 isto.
584 2669 708 2728 Gaudes
724 2667 808 2744 quod
830 2685 878 2725 me
901 2671 1067 2725 venturum
1083 2686 1158 2729 esse
1180 2683 1194 2730 7

149 2772 306 2849 polliceor,
322 2773 377 2831 sed
391 2772 555 2833 contrahes
570 2773 715 2846 frontem,
731 2762 801 2831 euin
817 2771 958 2830 adiecero
975 2771 1015 2831 ad
1034 2790 1158 2848 paucos

99 2877 230 2942 25rlies:
257 2896 357 2955 neque
383 2877 465 2935 euim
490 2877 609 2936 diutius
634 2878 741 2938 abesse
764 2896 812 2936 me
835 2877 941 2936 eaden]
968 2876 1045 2936 haec
1071 2897 1177 2956 quae-

148 2983 284 3041 nondum
302 2982 386 3042 exire
402 2982 573 3059 patiuntur.
616 2983 704 3044 Vale.

555 3149 608 3209 33.
637 3145 739 3228 (vn.)

333 3278 362 3328 c
389 3234 532 3327 ruinius
557 3276 708 3327 clurino
732 3276 829 3359 nuno
853 3276 920 3327 suo
944 3276 969 3326 3.
1119 3250 1184 3437 )

317 3395 427 3457 Rcflectr'
417 3410 476 3444 cons
489 3402 583 3457 repent
573 3396 615 3444 tte
628 3396 687 3444 dect
689 3396 705 3444 t
678 3395 750 3457 tos
765 3394 851 3445 Silius
863 3395 882 3443 I
879 3395 985 3444 tuticus.
1168 3320 1205 3427 Χ-

173 3511 276 3569 Modo
289 3510 422 3573 nuntiat
423 3532 462 3573 us
477 3517 527 3574 est
543 3510 642 3573 Silius
659 3509 818 3571 italicus
813 3530 852 3567 in
862 3508 1080 3584 Neanolitsno
1099 3532 1165 3576 suo
1185 3526 1200 3571 1

110 3609 228 3675 inedia
247 3616 370 3682 finisse
392 3620 509 3685 vitam.
557 3622 669 3685 Causa
688 3616 806 3680 mortis
824 3611 990 3674 ualemus.
1024 3611 1116 3668 luat
1129 3613 1229 3673 'sinn
