2512 3870
420 159 680 209 nrrsrunnnuu
703 160 752 209 111.
774 162 813 211 11.
1075 149 1117 212 45

115 337 189 392 tunc
211 332 259 390 illi
282 331 433 409 ampliore
455 351 532 409 opus
554 338 630 406 erat,
652 336 688 390 ut
711 351 763 392 aes
784 333 920 392 alienum
943 333 1118 397 exsolveret

114 443 307 497 contractum
329 457 368 496 ex
389 437 609 514 pulcherrimis
631 438 743 512 causis,-
761 438 974 498 mussantibus
996 439 1117 514 magnis

115 543 300 621 quibusdam
319 548 351 602 et
370 543 578 620 locupletibus
599 542 715 617 amicis,
732 549 892 604 mutuatus
914 544 981 621 ipse
1003 545 1117 620 gratui-

79 663 94 706 3
114 655 179 708 tam
201 649 282 708 dedi.
326 649 431 725 Atque
446 648 522 707 haec
536 648 608 723 ieci,
623 667 692 707 cum
713 655 832 726 septem
847 649 956 710 amicis
971 651 1048 709 meis
1064 655 1118 709 aut

115 754 224 814 occisis
239 760 294 814 aut
308 753 464 829 relegatis
480 753 590 813 occisis
613 754 782 813 Senecione
804 755 935 814 Rustico
957 755 1117 830 Helvidio,
1138 768 1152 812 5

114 859 260 935 relegatis
284 859 424 919 Maurico
450 859 586 919 Gratilla
613 859 708 918 Arria
736 860 864 933 Fannia,
886 866 935 919 tot
962 860 1045 920 circa
1068 880 1117 919 me

114 964 205 1024 iactis
220 964 407 1024 fulminibus
424 965 514 1043 quasi
534 964 696 1024 ambustus
715 965 792 1024 mihi
811 984 933 1042 quoque
949 966 1117 1044 inpendere

78 1089 94 1133 4
115 1069 197 1129 idern
219 1070 352 1129 exitium
374 1070 467 1130 certis
493 1070 680 1148 quibusdam
706 1071 789 1130 notis
817 1090 993 1146 augurarer.
1044 1073 1116 1130 Non

114 1175 184 1235 ideo
204 1181 311 1235 tamen
333 1175 480 1235 eximiam
503 1175 633 1250 gloriam
655 1175 806 1235 meruisse
828 1195 886 1250 me,
901 1181 937 1235 ut
957 1176 1012 1235 ille
1033 1195 1118 1253 prae·

77 1280 207 1356 odicat,
236 1282 327 1341 credo
355 1281 410 1340 sed
438 1285 562 1340 tantum
590 1281 737 1356 effugisse
766 1280 928 1356 flagitium.
974 1283 1058 1341 Nam
1086 1288 1118 1341 et
1139 1265 1187 1343 10¹

114 1387 146 1447 Ο.
157 1387 348 1461 Musonium,
361 1404 500 1446 socerum
514 1387 591 1460 eius,
604 1392 755 1462 quantum
770 1386 892 1446 licitum
906 1392 955 1447 est
968 1406 1024 1464 per
1038 1393 1119 1447 aeta

112 1498 186 1567 tem,
201 1511 271 1552 cum
293 1491 499 1551 admiratione
519 1491 616 1550 dilexi
632 1497 664 1550 et
678 1492 913 1551 Artemidorum
931 1493 1034 1570 ipsum
1054 1493 1117 1552 iam

113 1603 191 1672 tum,
206 1616 277 1656 cum
295 1597 327 1656 in
346 1596 438 1676 Syria
456 1597 601 1656 tribunus
621 1596 799 1671 militarem,
815 1602 884 1656 arta
900 1597 1117 1657 familiaritate

113 1703 294 1780 complexus
315 1722 393 1777 sum,
410 1703 506 1780 idque
527 1702 661 1779 primum
683 1721 744 1761 non
767 1701 885 1762 nullius
907 1702 1022 1762 indolis
1044 1704 1116 1763 dedi

113 1808 279 1886 specimen,
292 1808 376 1885 quod
386 1807 488 1867 virum
503 1813 558 1867 aut
572 1808 745 1885 sapientem
760 1813 815 1867 aut
830 1807 1005 1885 proximum
1022 1809 1118 1868 simil·
1139 1829 1165 1871 15

75 1924 91 1970 6
112 1913 285 1992 limumque
300 1913 436 1991 sapienti
451 1913 632 1989 intellegere
647 1933 717 1973 sum
731 1913 826 1993 visus.
868 1914 952 1972 Nam
967 1933 1006 1973 ex
1021 1915 1117 1972 omni-

113 2019 170 2079 bus
185 2018 238 2097 qui
249 2037 333 2077 nunc
347 2037 380 2078 se
392 2018 595 2096 philosophos
608 2025 721 2078 vocant
733 2018 787 2077 vix
800 2038 898 2076 unum
913 2025 968 2077 aut
982 2019 1116 2078 alterum

112 2123 253 2185 invenies
268 2129 359 2183 tanta
373 2124 562 2197 sinceritate,
578 2129 667 2183 tanta
682 2123 822 2182 veritate.
866 2123 961 2182 Mitto
980 2144 1042 2202 qua
1062 2144 1116 2202 pa

111 2229 225 2289 tientia
245 2228 383 2307 corporis
404 2229 524 2310 hiemes
545 2229 635 2288 iuxta
656 2235 687 2287 et
708 2234 842 2288 aestates
858 2229 949 2303 ferat,
964 2215 1115 2290 ut'nullis

111 2334 269 2395 laboribus
288 2334 387 2409 cedat,
402 2339 439 2393 ut
455 2334 536 2392 nihil
552 2334 584 2392 in
600 2334 677 2408 ciba,
692 2335 726 2392 in
740 2340 816 2410 potu
830 2334 1045 2411 voluptatibus
1060 2336 1114 2394 tri·
1135 2349 1165 2393 ao

75 2453 90 2500 7
111 2440 196 2514 buat,
211 2446 247 2500 ut
260 2439 365 2500 oculos
380 2440 582 2516 animumque
597 2440 763 2498 contineat.
808 2440 887 2499 Sunt
901 2440 978 2499 haec
992 2460 1113 2516 magna,

112 2544 215 2604 sedin
229 2544 308 2621 ali0;
330 2545 363 2603 in
378 2545 435 2605 hoc
446 2564 520 2604 vero
535 2545 674 2619 minima,
687 2544 713 2604 si
729 2545 839 2604 ceteris
852 2545 1021 2605 virtutibus
1037 2565 1115 2605 com-

111 2656 269 2727 parentur,
284 2651 397 2728 quibus
417 2651 532 2710 meruit
546 2655 582 2708 ut
596 2669 615 2709 a
630 2651 662 2710 O.
679 2650 824 2709 Musonio
839 2669 877 2708 ex
892 2651 1034 2710 omnibus
1054 2671 1115 2710 om-

74 2769 90 2813 a
110 2754 198 2813 nium
220 2755 363 2814 ordinum
382 2756 629 2815 adsectatoribus
649 2773 743 2829 gener
763 2756 985 2815 adsumeretur.
1028 2757 1113 2826 Quae

110 2859 190 2917 milri
205 2860 379 2918 recordanti
394 2867 442 2919 est
456 2861 582 2936 quidem
598 2860 765 2918 iucundum
783 2861 866 2937 quod
881 2880 930 2919 rne
945 2880 1014 2919 curn
1029 2862 1113 2937 apud
1133 2877 1162 2922 26

111 2963 189 3024 alios
210 2971 278 3037 tum
295 2965 377 3042 apud
397 2970 428 3023 te
449 2965 546 3023 tantis
562 2964 708 3024 laudibus
723 2965 869 3039 cumulat,
887 2984 993 3023 vereor
1007 2971 1112 3025 tamen

110 3087 149 3127 ne
164 3069 291 3128 modum
306 3071 444 3143 excedat,
457 3089 549 3145 quern
561 3070 739 3145 benignitas
751 3070 817 3130 eius
830 3070 920 3148 (illuc
931 3071 1015 3129 enim
1029 3072 1112 3130 unde

73 3194 90 3238 9
110 3174 197 3253 coepi
213 3177 365 3256 revertor)
381 3194 444 3233 non
458 3175 538 3233 solet
553 3180 667 3233 tenere.
710 3176 793 3234 Nam
812 3175 846 3233 in
865 3174 924 3233 hoc
940 3195 1003 3234 uno
1019 3177 1112 3235 inter-

110 3279 185 3338 dum
205 3279 253 3339 vir
274 3279 391 3358 alioqui
411 3279 675 3357 prudentissimus
700 3280 831 3339 honesto
850 3280 976 3357 quidem
996 3282 1051 3341 sed
1069 3287 1113 3340 ta·

109 3404 181 3445 men
196 3403 298 3445 errore
312 3391 463 3460 versatur,
479 3385 562 3462 quod
582 3384 681 3462 pluris
699 3385 814 3445 amicos
834 3404 905 3445 suos
925 3405 1018 3462 quam
1038 3392 1112 3446 sunt
1132 3405 1159 3450 30

108 3472 288 3551 arbitratur.
331 3490 416 3551 Vale.
