2512 3870
565 182 596 232 C.
615 181 716 231 Pam

558 430 626 518 ξε,
642 427 717 506 (Π.)

268 599 299 651 C.
321 598 467 649 PLINIUS
488 599 701 650 CALPCRNIO
723 597 866 649 FLACCO
888 595 959 649 SUO
982 595 1011 648 S.

424 745 536 808 flante
541 748 590 809 sor
600 762 617 797 a
629 736 681 810 ulfi
692 748 725 809 os
732 747 861 796 tdmtcs.

182 893 299 970 Accepi
314 892 539 970 pulcherrimos
559 892 678 965 turdos,
692 911 764 951 cum
784 891 899 968 quibus
917 907 1024 967 parem
1045 887 1145 949 calcu-
1165 901 1180 947 1

142 996 208 1055 lum
230 1016 344 1074 ponere
366 1016 423 1056 nec
448 997 535 1056 urbis
558 998 657 1074 copiis
681 1015 721 1055 ex
748 996 941 1055 Laurentino
962 1013 1020 1053 nec
1047 994 1144 1053 maris

141 1107 207 1160 tam
221 1102 357 1160 turbidis
378 1101 618 1178 tempestatibus
637 1120 772 1178 possum
815 1101 963 1176 Recipies
976 1118 1051 1175 ergo
1064 1099 1147 1175 epis·
1166 1113 1182 1157 2

141 1206 225 1266 tulas
240 1207 364 1266 steriles
380 1214 412 1265 et
428 1207 615 1284 simpliciter
638 1207 778 1282 ingratas
798 1224 833 1264 ac
852 1223 892 1263 ne
912 1205 999 1264 illam
1016 1204 1147 1280 quidem

107 1310 314 1372 osollertiam
335 1311 498 1371 Diomedis
526 1312 560 1369 in
587 1310 793 1388 permutando
820 1328 947 1368 munere
972 1309 1144 1368 imitantes.
1208 1365 1213 1373 .

143 1416 215 1489 Sed,
236 1400 321 1493 quae
338 1416 476 1476 facilitas
499 1423 562 1489 tua,
587 1416 645 1474 hoc
673 1416 773 1491 magis
798 1415 889 1474 dabis
910 1414 1035 1473 veniam
1059 1413 1147 1491 quod

143 1539 176 1581 se
190 1540 252 1580 non
266 1522 378 1580 mereri
392 1521 542 1581 fatentur,
585 1521 672 1581 Vale.

567 1786 620 1845 57.
648 1784 715 1863 (v.)

317 1953 347 2004 C.
370 1953 514 2003 PLINIUS
537 1953 648 2003 NONIO
671 1953 824 2002 MAXIMO
848 1952 917 2003 SUO
940 1953 967 2003 S.

145 2096 201 2149 The
212 2100 291 2150 dealt
303 2102 335 2162 os
344 2101 470 2149 Furnius
482 2101 538 2148 and
549 2101 607 2149 how
618 2100 650 2149 le
663 2100 717 2150 tud
727 2101 790 2150 been
797 2101 971 2162 sorerccrned
978 2102 1008 2150 in
1017 2115 1034 2151 a
1043 2101 1149 2152 dream.

181 2244 371 2303 Nuntiatum
386 2244 464 2302 mihi
479 2251 527 2304 est
542 2245 574 2304 C.
590 2245 745 2304 Fannium
757 2245 937 2320 decessisse,
947 2246 1002 2323 qui
1012 2246 1149 2306 nuntius
1170 2262 1183 2307 1

141 2367 190 2408 me
209 2350 297 2424 gravi
316 2349 421 2408 dolore
435 2350 587 2424 confudit,
603 2350 748 2426 primum,
764 2350 848 2426 quod
867 2352 970 2410 amavi
984 2350 1149 2411 hominem

93 2475 122 2520 10
141 2455 316 2529 elegantem
337 2455 498 2528 disertum,
522 2454 644 2528 deinde,
666 2455 750 2531 quod
771 2455 887 2513 iudicio
908 2457 976 2515 eius
997 2457 1046 2515 uti
1069 2457 1150 2516 sole

141 2560 220 2619 bam.
256 2560 333 2619 Erat
355 2560 438 2618 enim
458 2565 567 2618 acutus
586 2565 706 2633 natura,
721 2579 781 2620 usu
795 2561 993 2633 exercitatus,
1009 2563 1148 2622 veritate

141 2666 402 2742 promptissimus.
446 2663 547 2738 Angit
561 2682 609 2721 me
621 2682 714 2740 super
728 2664 791 2723 ista
802 2683 892 2725 casus
903 2666 1019 2743 ipsius:
1042 2668 1149 2729 deces-
1168 2686 1184 2731 a

142 2771 184 2830 sit
199 2777 302 2829 vetere
316 2775 512 2842 testamento,
530 2769 636 2827 omisit
651 2788 729 2846 quos
744 2770 878 2829 maxime
901 2771 1062 2847 diligebat,
1078 2793 1149 2851 pro

142 2882 265 2936 secutus
293 2883 341 2936 est
364 2871 477 2954 quibus
502 2864 649 2937 offensior
674 2883 749 2937 erat,
802 2879 864 2938 Sed
888 2878 947 2937 hoc
974 2883 1148 2957 utcumque

93 3004 121 3049 m
140 2983 311 3058 tolerabile,
327 2985 452 3060 gravius
475 2985 564 3060 illud,
580 2987 663 3063 quod
681 2986 925 3063 pulcherrimum
941 3003 1019 3062 opus
1031 2985 1148 3063 imper-

141 3088 257 3147 fectum
281 3089 418 3166 reliquit.
462 3091 611 3161 Quamvis
633 3091 716 3149 enim
743 3092 872 3166 agendis
894 3090 997 3150 causis
1017 3085 1149 3150 distrin-
1169 3109 1184 3154 3

141 3200 274 3270 geretur,
298 3196 451 3255 scribebat
480 3202 586 3255 tamen
614 3197 718 3256 exitus
747 3197 918 3257 occisorum
946 3202 1002 3256 aut
1029 3197 1149 3274 relega

141 3307 244 3360 torum
266 3319 285 3360 a
304 3301 439 3374 Nerone,
462 3307 493 3360 et
514 3301 576 3360 iam
599 3285 662 3360 tres
684 3301 780 3362 libros
802 3301 989 3376 absolverat,
1012 3302 1148 3363 subtiles

141 3411 174 3464 et
195 3405 361 3482 diligentes
378 3410 409 3463 et
424 3406 553 3466 Latinos
568 3411 662 3482 atque
680 3406 762 3466 inter
781 3425 954 3466 sermonem
969 3405 1150 3468 historiam-

63 3526 102 3573 ω
120 3528 188 3585 que
208 3512 346 3590 medios,
369 3531 407 3576 ac
430 3519 522 3577 tanto
544 3512 651 3594 magis
672 3512 816 3589 reliquos
835 3511 987 3586 uerticem
1005 3511 1156 3585 ouuieuat

100 3623 236 3689 quarto
250 3622 473 3704 frequentius
486 3625 524 3687 hi
534 3621 788 3686 lectitabantur.
825 3612 921 3672 mim
929 3616 1041 3670 autem
1048 3609 1185 3666 uidetur
1204 3629 1227 3671 ι.
