2512 3870
397 181 659 230 nr1srnnennu
683 181 718 230 11.
738 183 778 232 20.
1062 167 1103 233 35

99 354 285 432 praesertim
310 372 404 430 super
427 359 517 413 tanta
541 373 581 412 re.
638 354 720 412 Nam
746 354 822 430 quid
848 354 946 429 magis
972 354 1103 413 interest

102 464 205 519 vestra
219 478 313 536 quam
329 465 365 518 ut
382 458 473 518 liberi
490 459 637 534 (dicerem
657 459 713 532 tui,
729 458 790 518 nisi
810 477 892 517 nunc
912 459 984 518 illos
1004 459 1102 533 magis

10 597 16 633 i
99 566 233 646 emeres)
257 563 345 641 digni
367 564 422 623 illo
444 570 541 641 patre,
564 570 595 622 te
620 570 731 641 patruo
758 564 979 642 reperiantur?
1009 582 1102 641 quam

61 683 77 728 5
99 689 205 730 curam
224 669 313 745 mihi,
330 669 423 729 etiam
444 671 471 730 si
490 690 552 728 non
572 671 760 744 mandasses,
776 669 992 729 vindicassem.
1035 670 1103 728 Neo

99 776 208 852 ignoro
226 774 440 853 suscipiendas
459 775 594 835 offensas
612 775 645 833 in
662 775 806 850 eligendo
824 780 1032 852 praeceptore,
1048 775 1103 834 sed
1122 785 1140 872 ξ

99 886 221 959 oportet
242 899 377 968 menon
401 880 493 939 modo
518 881 652 940 offensas
673 899 781 938 verum
806 879 901 939 etiam
926 879 1102 958 simultates

99 1006 155 1063 pro
175 985 284 1046 fratris
306 985 354 1044 tui
375 985 454 1072 filiis¹
472 991 537 1045 tam
559 1004 657 1062 aequo
680 985 784 1044 animo
807 984 910 1044 subire
935 1003 1029 1062 quem
1051 1004 1103 1062 pa-

99 1097 202 1151 rentes
216 1110 273 1169 pro
288 1091 361 1151 suis.
403 1091 490 1153 Vale.

387 1318 391 1345 ,
509 1280 561 1342 29.
591 1279 690 1360 (xx.)

336 1441 365 1491 C.
392 1440 535 1490 PLINIUS
558 1440 729 1490 CALVlSlO
752 1440 820 1490 SUO
843 1441 869 1491 S.

393 1589 517 1651 Repetas
528 1603 559 1638 as
571 1602 587 1638 α
601 1589 808 1650 leuony-tumea

62 1749 77 1794 1
139 1733 250 1794 Assem
270 1753 346 1812 para
365 1739 397 1793 et
410 1735 516 1812 accipe
536 1730 660 1795 auream
680 1735 829 1809 fabulam,
846 1733 969 1794 fabulas
990 1733 1100 1791 immo:
1143 1760 1148 1769 ‚

98 1859 171 1898 nam
186 1858 235 1898 me
250 1839 389 1916 priorum
403 1859 485 1899 nova
499 1841 668 1915 admonuit,
683 1859 740 1898 nec
758 1840 855 1898 refert
870 1859 888 1898 a
902 1858 965 1916 qua
981 1838 1103 1916 potissi·
1124 1853 1152 1897 10

62 1959 78 2003 2
98 1964 185 2002 mum
204 1944 361 2022 incipiam.
404 1946 542 2007 Verania
557 1945 682 2005 Pisonis
704 1945 841 2020 graviter
860 1945 989 2018 iacebat,
1009 1943 1102 2002 huius

99 2050 169 2108 dico
190 2050 315 2110 Pisonis
337 2064 431 2127 quern
452 2051 553 2111 Galba
574 2051 744 2128 adoptavit.
788 2051 839 2108 Ad
861 2049 941 2108 hanc
962 2048 1103 2124 Regulus

100 2155 194 2214 venit.
247 2155 390 2214 Primum
418 2155 635 2233 inpudentiam
666 2156 801 2218 hominis
830 2155 885 2232 qui
912 2154 1035 2213 venerit
1063 2154 1103 2212 ad

99 2278 234 2336 aegram,
263 2259 352 2320 cuius
380 2261 494 2320 marito
526 2261 771 2335 inimicissimus,
801 2260 862 2337 ipsi
892 2245 1103 2319 invisissimus

63 2382 79 2428 3
99 2365 212 2425 fuerat.
255 2365 342 2440 Este,
365 2365 392 2424 si
413 2366 501 2425 veuit
521 2372 660 2429 tantum:
687 2372 720 2425 at
744 2365 799 2423 ille
824 2366 919 2425 etiam
943 2366 1103 2443 proximus
1125 2379 1152 2424 15

99 2477 168 2530 toro
193 2471 283 2546 sedit,
310 2490 371 2548 quo
400 2471 458 2546 die,
484 2490 546 2548 qua
573 2471 650 2530 hora
677 2476 752 2530 nata
779 2476 862 2530 esset
890 2469 1101 2545 interrogavit.

101 2575 166 2636 Ubi
198 2575 307 2650 audiit,
336 2576 496 2657 componit
524 2577 655 2652 vultum,
684 2575 822 2634 intendit
857 2575 970 2649 oculos,
1000 2562 1104 2632 movet

10 2671 17 2686 ’
87 2660 196 2755 labra,
218 2681 318 2756 agitat
344 2681 468 2757 digitos,
491 2687 667 2759 computat,
697 2681 794 2739 nihil:
824 2687 860 2740 ut
883 2681 937 2739 diu
958 2680 1104 2738 miseram
1205 2742 1208 2749 ⁴

101 2776 317 2865 expectatione
346 2786 519 2863 suspendit,
546 2765 676 2847 ‘habes’
706 2786 810 2863 iuquit
842 2785 1104 2844 ‘climactericurn

63 2910 79 2954 4
100 2897 234 2969 tempus
249 2891 306 2952 sed
324 2891 445 2950 evades.
489 2891 578 2961 Quod
598 2899 635 2951 ut
656 2891 715 2950 tibi
736 2891 836 2966 magis
857 2890 985 2967 liqueat,
1000 2889 1106 2948 harus·
1125 2900 1154 2944 20

64 2995 201 3073 apicem
230 2996 391 3057 consulam
413 3015 504 3073 quem
527 3016 595 3055 sum
617 2997 798 3073 frequenter
819 2996 985 3073 expertus)
1037 2995 1104 3053 Nec

101 3119 203 3160 mora:
227 3102 414 3162 sacrificium
429 3102 516 3177 facit,
529 3103 674 3162 adfirmat
689 3108 762 3161 exta
776 3120 846 3160 cum
861 3101 997 3161 siderum
1013 3100 1107 3176 sigui·
1171 3177 1173 3180 y

101 3206 246 3267 ficatione
267 3226 445 3284 congruere.
489 3208 559 3283 llle,
580 3214 615 3267 ut
636 3209 670 3266 in
692 3207 829 3285 periculo
850 3206 985 3280 credula,
1005 3205 1106 3284 poscit

102 3312 271 3389 codicillos,
305 3312 444 3388 legatum
478 3314 600 3390 Regulo
633 3314 758 3374 scribit:
794 3321 879 3370 mox'
901 3311 1104 3386 ingravescit:
1173 3291 1175 3296 ⁵

102 3417 218 3478 clamat
251 3418 388 3478 moriens
422 3419 579 3503 hominem
612 3439 755 3496 nequam,
784 3418 937 3495 perfidum
965 3435 1000 3474 ac
1035 3417 1107 3490 plns
1127 3428 1156 3469 aa

104 3522 195 3582 etiam
221 3543 313 3601 quarn
337 3520 514 3605 periurum,
539 3526 598 3609 qui
623 3527 688 3590 sibi
714 3547 773 3608 per
799 3524 945 3587 salutem
963 3519 1035 3576 bin
1052 3515 1142 3586 pexe-

50 3631 196 3685 orasset.
238 3629 336 3693 Facit
360 3632 424 3698 hoc
449 3637 606 3722 Regulus
631 3660 706 3702 non
729 3637 848 3700 minus
876 3624 1047 3690 sederam
1073 3621 1184 3683 <effi
