2512 3870
432 156 694 207 nrrsrunuuuu
719 157 739 207 1.
761 157 800 210 19.
1073 146 1122 210 15-

40 372 43 380 .
112 345 171 403 que
194 327 251 387 sub
271 320 330 386 hoc
351 328 494 405 exemplo
516 329 671 388 somnium
693 329 779 389 istud
807 330 840 387 iu
865 331 979 389 bouum
1001 337 1114 406 vertas,

111 438 166 491 aut
181 432 208 491 si
222 428 430 510 trrtius'putas
446 432 526 492 illud
547 434 721 494 cautissimi
743 434 892 512 ‹miusque
915 443 1115 513 praeceptum

75 549 91 595 6
113 538 212 615 ‘quod
233 537 358 598 dubites
380 557 419 597 ne
440 539 572 613 feceris‚'
595 539 628 597 id
656 539 759 617 ipsum
787 541 929 600 rescribe.
976 543 1039 617 Ego
1062 541 1116 601 ali-

112 663 206 720 quam
235 644 396 721 stropham
431 644 589 704 inveniam
618 664 769 722 agamque
797 665 921 705 causam
956 637 1051 722 tuam,
1079 653 1115 706 ut

111 748 212 826 ipsam
234 767 326 833 agere
346 755 391 824 tu,
410 768 480 808 eum
502 750 597 825 voles,
620 751 729 827 possis.
772 751 831 811 Est
853 751 936 810 euim
959 770 1032 810 sane
1053 752 1150 811 alias

111 853 193 913 ratio
213 859 278 929 tua,
302 853 365 914 alia
389 873 458 914 mea
484 855 557 914 fuit.
599 856 683 914 Nam
711 855 862 914 iudicium
891 856 1115 916 centumvirale
1146 874 1153 931 ξ

112 959 233 1018 differri
247 959 335 1019 nullo
350 960 450 1037 modo,
465 960 552 1020 istud
566 979 656 1036 aegre
671 960 798 1039 quidem
812 961 867 1022 sed
881 967 987 1021 tamen
1001 967 1114 1039 potest.
1145 946 1150 953 ’

111 1063 199 1126 Vale.

511 1237 571 1390 r}
595 1286 713 1369 (xix.)

277 1463 307 1514 0.
333 1464 477 1515 PLINIUS
500 1463 668 1514 ROMATIO
691 1463 808 1515 FIRMO
832 1464 899 1516 SUO
923 1465 948 1516 S.

113 1629 196 1690 Pliny
205 1627 284 1689 offers
293 1629 435 1691 dissedeud
444 1643 461 1678 α
467 1629 580 1690 fortune
589 1635 615 1679 to
625 1629 718 1679 enable
728 1630 783 1679 him
794 1636 820 1679 to
830 1636 904 1680 enter
912 1630 954 1679 tlte
964 1631 1116 1691 equestrium

573 1721 658 1771 order.

78 1874 90 1919 1
152 1861 318 1939 Municeps
332 1867 368 1921 tu
382 1880 469 1922 meus
485 1867 516 1920 et
529 1861 761 1938 condiscipulus
776 1866 808 1920 et
822 1861 861 1921 ab
876 1860 1003 1940 ineunte
1014 1866 1116 1920 aetate

112 1967 356 2042 contubernalis,
370 1973 460 2045 pater
476 1973 549 2027 tuus
565 1973 596 2026 et
612 1967 705 2026 matri
721 1973 752 2026 et
771 1965 926 2026 avunculo
944 1985 1022 2042 meo,
1037 1966 1116 2025 mihi
1137 1987 1165 2032 10

86 2073 217 2160 etiam,
240 2079 393 2150 quantum
414 2073 528 2133 aetatis
550 2072 715 2132 diversitas
737 2091 830 2149 passa
850 2078 907 2147 est,
930 2071 1114 2148 familiaris3

112 2196 244 2253 magnae
258 2183 414 2254 etgraves
429 2197 540 2240 causae
554 2197 609 2238 cur
624 2178 781 2255 suscipere
798 2196 910 2252 augere
929 2178 1116 2253 dignitatem

77 2294 92 2340 2
112 2289 199 2343 tuam
214 2283 352 2343 debeam.
395 2285 473 2345 Esse
492 2289 596 2343 autem
617 2283 676 2343 tibi
698 2288 823 2342 centum
845 2283 967 2342 milium
988 2301 1115 2343 censum

113 2388 191 2449 satis
206 2387 325 2449 indicat
339 2390 424 2467 quod
437 2389 522 2467 apud
535 2408 592 2449 nos
607 2389 733 2448 decurio
748 2408 789 2448 es.
832 2388 935 2463 Igitur
949 2395 985 2448 ut
1003 2394 1034 2447 te
1053 2408 1116 2448 non

94 2495 279 2583 ‘decurione
308 2494 408 2556 solum
436 2513 545 2555 verum
570 2495 665 2554 etiam
687 2494 794 2571 equite
815 2495 956 2552 Romano
977 2494 1116 2570 perfrua
1137 2517 1164 2561 15

91 2600 192 2676 mur,
217 2601 314 2661 offero
337 2601 398 2660 tibi
422 2601 462 2660 ad
486 2600 652 2678 inplendus
677 2605 836 2677 equestres
861 2599 1029 2658 facultates
1057 2604 1115 2657 tre-

77 2711 205 2767 acenta
239 2706 328 2767 milia
361 2725 531 2765 nummum.
589 2706 632 2764 Te
660 2723 828 2763 memorem
855 2704 949 2763 huius
977 2704 1114 2763 muueris

112 2791 270 2872 amicitiae
285 2817 410 2873 nostrae
425 2810 616 2871 diuturnitas
636 2810 787 2887 spondet:
811 2829 867 2885 ego
888 2828 927 2868 ne
949 2809 1029 2867 illud
1050 2809 1116 2886 qui·

113 2919 185 2991 dem
216 2918 377 2992 admone0‚
405 2917 489 2995 quod
523 2917 689 2976 admonere
724 2914 877 2989 deberem,
907 2914 968 2974 nisi
1003 2914 1113 2974 scirem

112 3028 225 3100 sponte
238 3023 406 3096 factruum,
421 3028 457 3081 ut
471 3022 627 3098 dignitate
641 3041 660 3081 a
678 3040 728 3080 me
744 3021 819 3079 data
839 3039 932 3097 quarn
954 3020 1116 3079 modestis·
1135 3042 1164 3084 ιο

75 3137 92 3183 4
112 3127 200 3203 sime,
215 3134 251 3188 ut
267 3147 287 3188 a
299 3146 349 3187 me
364 3128 446 3203 data,
461 3136 558 3187 utare.
601 3128 685 3186 Nam
705 3125 871 3186 sollicitius
891 3125 1114 3184 custodiendus

111 3239 161 3295 est
181 3233 289 3309 honor,
311 3233 344 3292 in
366 3252 427 3310 quo
448 3233 543 3292 etiam
564 3230 749 3292 beneficium
771 3229 863 3289 amici
886 3230 1035 3289 tuendum
1057 3236 1113 3290 est.

110 3338 200 3400 Vale.
