2512 3870
411 178 674 229 nrrsrunsauu
697 179 719 230 1.
741 178 780 231 14.
1056 169 1097 233 11

93 351 298 427 iuvenemuex
320 369 381 428 quo
403 350 489 410 nasci
512 355 642 428 nepotes
664 350 805 410 Aruleno
827 352 958 412 Rustico
980 354 1096 413 deceat.

57 464 73 509 3
93 456 154 526 Qui
170 456 294 533 quidem
312 455 366 514 diu
384 456 580 532 quaerendus
595 456 718 530 fuisset,
735 457 796 516 uisi
818 463 946 535 paratus
962 464 993 517 et
1008 459 1098 536 quasi

93 565 238 638 provisus
260 566 343 620 esset
364 559 513 620 Minicius
537 561 710 636 Acilianus,
727 562 781 639 qui
797 581 845 621 me
860 569 896 622 ut
910 564 1033 624 iuvenis
1054 565 1099 623 iu·

59 647 62 651 ’
93 684 204 725 venem
227 667 289 745 (est
317 665 400 724 enim
428 666 529 724 minor
557 667 699 743 pauculis
722 668 826 748 annis)
851 668 1097 728 familiarissime

93 771 208 847 diligit,
224 777 383 830 reveretur
394 776 433 842 ¹ut
449 789 562 831 senem.
605 773 688 831 Nam
706 772 752 831 ita
766 773 897 832 formari
912 792 930 832 a
944 793 992 833 me
1008 780 1040 833 et
1054 774 1098 832 in·
1117 787 1132 832 5

56 890 72 934 4
93 877 184 937 stitui
198 877 287 953 cupit
300 882 336 936 ut
351 895 407 951 ego
422 895 441 936 a
454 877 542 937 vobis
565 877 712 953 solebam.
755 879 863 938 Patria
875 884 927 939 est
941 879 970 937 ei
988 880 1097 939 Brixia

93 1001 131 1041 ex
159 982 216 1041 illa
236 987 345 1041 nostra
372 982 476 1058 Italia,
500 1000 578 1059 quae
601 983 734 1041 multum
760 983 860 1043 adhuc
882 984 1095 1060 verecundiae,

92 1087 288 1163 frugalitatis
310 1094 404 1164 atque
419 1088 514 1147 etiam
537 1088 724 1148 rusticitatis
747 1089 894 1165 antiquae
924 1089 1040 1149 retinet
1061 1109 1097 1150 ac

57 1202 72 1247 5
93 1199 206 1261 servat.
250 1194 345 1253 Pater
360 1193 510 1253 Minicius
526 1193 696 1268 Macrinus,
712 1195 865 1271 equestris
881 1195 1000 1256 ordinis
1015 1196 1097 1273 prin-

51 1283 56 1290 *
93 1317 174 1375 ceps,
190 1299 265 1375 quia
286 1298 368 1357 nihil
391 1299 486 1358 altius
502 1299 619 1358 voluit:
643 1299 784 1359 adlectus
805 1299 888 1359 enim
904 1319 922 1360 a
936 1301 1009 1359 divo
1023 1302 1097 1361 Ves-
1118 1311 1145 1357 10

93 1405 222 1481 pasiano
237 1404 320 1462 inter
337 1404 508 1481 praetorios
530 1403 693 1464 honestam
717 1405 854 1482 quietem
877 1406 951 1465 huic
972 1411 1097 1465 nostrae

93 1508 271 1609 ambitioni)
285 1509 397 1601 dicam>
414 1528 454 1568 an
482 1510 630 1585 dignitati
657 1511 909 1571 constantissime
937 1511 1094 1588 praetulit.

13 1680 16 1685 ,
47 1626 73 1678 ,6
93 1614 200 1673 Habet
215 1612 319 1673 aviam
333 1621 506 1674 maternam
529 1616 693 1675 Serranam
714 1616 880 1676 Proculam
895 1635 911 1675 e
926 1616 1096 1694 municipio

93 1719 255 1778 Patavino.
298 1720 392 1780 Nosti
416 1721 477 1779 loci
500 1740 618 1781 mores:
650 1722 783 1802 Serrana
805 1727 910 1780 tamen
932 1721 1095 1782 Patavinis

93 1842 216 1900 quoque
232 1825 410 1885 severitatis
426 1826 604 1904 exemplum
619 1832 675 1886 est.
719 1826 860 1903 Contigit
875 1832 907 1885 et
922 1826 1096 1886 avunculus
1117 1841 1145 1886 15

93 1929 123 1988 ei
142 1930 178 1988 P.
200 1929 334 2005 Acilius,
356 1931 511 2007 gravitate
540 1932 707 2008 prudentia
727 1932 789 1991 fide
813 1951 909 2009 prope
934 1931 1094 2008 singulari.

92 2034 133 2092 In
148 2054 278 2110 summa,
290 2035 371 2095 nihil
386 2037 446 2095 erit
461 2037 494 2094 in
509 2036 600 2096 domo
614 2043 680 2097 tota
691 2038 774 2114 quod
788 2056 851 2095 non
862 2037 921 2096 tibi
935 2043 1096 2114 tamquam

57 2156 71 2202 ‘1
93 2139 196 2200 intua
216 2141 346 2218 placeat.
389 2141 535 2201 Aciliano
555 2162 629 2202 vero
652 2143 714 2220 ipsi
736 2143 907 2220 plurimum
921 2143 1038 2219 vigoris
1053 2143 1096 2200 in-

92 2245 241 2322 dustriae,
254 2264 443 2324 quamquam
458 2248 491 2307 in
505 2249 642 2308 maxima
652 2248 847 2308 verecrmdia.
890 2248 1096 2318 Quaesturam

92 2350 288 2411 tribunatum
311 2358 489 2430 praeturam
514 2354 733 2414 honestissime
759 2354 952 2432 percucurrit
974 2372 1009 2413 ac
1032 2353 1095 2413 iam
1116 2364 1144 2410 2⁰

57 2468 73 2514 8
92 2474 193 2533 prose
206 2457 267 2516 tibi
281 2459 500 2518 necessitatem
516 2448 674 2520 ambiendi
688 2460 818 2519 remisit.
861 2461 921 2518 Est
935 2459 983 2517 illi
998 2459 1095 2518 facies

92 2560 241 2638 liberalis,
265 2563 365 2622 multo
387 2565 548 2640 sanguine,
572 2566 672 2625 multo
694 2566 805 2625 rubore
830 2565 958 2640 suffusa,
982 2570 1030 2624 est
1053 2565 1096 2622 in-

92 2686 194 2742 genua
216 2668 313 2729 totius
335 2671 472 2747 corporis
497 2672 697 2749 pulchritudo
720 2677 752 2730 et
773 2672 900 2748 quidam
922 2670 1095 2730 senatorius

91 2773 192 2832 decor.
234 2775 320 2844 Quae
335 2793 392 2850 ego
406 2795 603 2854 nequaquam
625 2777 759 2836 arbitror
773 2777 979 2852 neglegenda:
1004 2775 1096 2834 debet

55 2894 72 2938 9
92 2878 176 2937 enim
190 2880 249 2938 hoc
263 2880 403 2940 castitati
418 2882 593 2958 puellarum
611 2882 701 2958 quasi
722 2882 894 2960 praemium
917 2880 993 2939 dari.
1035 2881 1096 2939 Ne·
1115 2895 1144 2940 25

92 2984 157 3042 scio
171 3003 211 3044 an
225 2985 359 3045 adiciam
375 3005 443 3046 esse
460 2988 543 3064 patri
563 2988 629 3047 eius
651 2988 771 3065 amplas
793 2987 968 3047 facultates.
1011 2987 1095 3045 Nam

91 3107 161 3148 cum
181 3089 336 3165 imaginor
350 3110 404 3151 vos
427 3093 540 3168 quibus
563 3093 742 3169 quaerimus
766 3111 923 3168 generum,
939 3091 1094 3151 silendum

88 3193 134 3252 de
152 3194 358 3255 facultatibus
381 3202 473 3273 puto:
498 3217 568 3257 cum
596 3198 736 3275 publicos
758 3217 858 3257 mores
882 3202 976 3274 atque
998 3197 1094 3256 etiam

91 3298 176 3375 leges
198 3299 341 3360 civitatis
363 3301 495 3378 intueor,
512 3322 590 3380 quae
606 3304 656 3363 vel
679 3303 712 3361 iu
734 3303 845 3381 primis
867 3321 978 3361 census
999 3302 1096 3360 homi·

90 3423 167 3462 num
181 3406 367 3482 spectandos
382 3408 583 3483 arbitrantur,
596 3427 635 3467 ue
650 3408 682 3466 id
698 3408 823 3485 quidem
835 3407 1094 3485 praetereundum
1115 3425 1143 3468 ac

90 3509 222 3569 ridetur.
264 3513 310 3570 Et
322 3531 397 3573 sane
412 3514 451 3575 de
467 3515 605 3595 posteris
617 3515 717 3578 ethis
730 3506 1126 3597 plumosoogumnnxs

74 3629 200 3688 quoque
212 3615 248 3673 in
259 3618 509 3690 condicionibus
528 3628 721 3709 deligendis
732 3625 918 3710 ponendus
926 3623 984 3679 cst
995 3607 1160 3673 seham&
