2512 3870
476 187 617 238 PLINY’S
640 188 756 239 S‘rYLn
1032 182 1140 244 xxxix

86 359 295 433 Mucnoarus,
311 326 376 419 Sat.
392 378 422 418 v.
439 359 466 417 1.

127 473 280 542 Quattuor
302 479 375 533 simt
396 492 510 547 genera
530 473 672 549 dicendi3
701 475 870 552 copiosum,
892 476 926 535 in
950 496 1012 554 quo
1033 478 1141 540 Cicero

87 570 283 645 dominatur3
305 571 407 643 breve,
431 570 464 629 in
486 590 547 648 quo
570 568 738 651 Sallustius
760 579 886 649 regnat,
909 573 1034 650 siccum,
1057 577 1142 653 quod

86 666 239 726 Frontoni
263 666 467 742 adscribitur,
500 667 616 745 pingue
641 674 673 727 et
697 668 851 746 floridum,
876 671 992 749 inquo
1016 673 1140 734 Plinius

88 764 249 823 Secundus
270 764 426 840 quondam
449 771 480 824 et
501 784 584 824 nuno
605 765 693 825 nullo
715 772 856 827 veterum
877 768 979 828 minor
1004 770 1141 849 Symma

86 860 164 921 chus
178 860 364 921 luxuriatur.

88 1042 248 1102 Sincurus
270 1039 509 1116 Aronnruunrs,
525 1060 546 1099 1.
563 1041 590 1100 1.

127 1154 288 1232 Epistulas
310 1173 426 1229 omnes,
444 1155 622 1215 retractatis
643 1155 876 1233 exemplaribus
897 1157 1140 1237 enucleatisque,

86 1270 149 1311 uno
181 1251 339 1311 volumine
371 1251 538 1326 includam,
570 1252 604 1321 Q.
638 1252 818 1330 Symmachi
846 1254 1081 1331 rotunditatem,
1107 1256 1139 1317 C.

86 1349 186 1408 Plinii
200 1348 402 1427 disciplinam
416 1349 703 1427 maturitatemque,
715 1350 859 1428 vestigiis
874 1351 1141 1430 praesumptuosis

86 1446 286 1507 insecuturis.

86 1605 138 1663 In.
155 1623 199 1664 iv.
215 1605 244 1664 3.

129 1718 163 1778 Si
188 1736 274 1777 reare
299 1735 487 1796 quemquam
512 1717 692 1777 mortalium
718 1717 781 1797 (cui
809 1724 914 1779 tamen
942 1720 1143 1780 sermocinari

86 1814 255 1874 Latialiter
276 1815 362 1874 cordi
383 1816 444 1896 est)
467 1833 530 1874 non
551 1834 673 1892 pavere,
696 1835 792 1892 quum
814 1815 848 1874 in
868 1835 999 1876 examen
1020 1817 1142 1877 aurium

86 1918 222 1987 tuarum,
234 1911 351 1989 quippe
363 1911 507 1989 scriptus,
520 1912 699 1988 adducitur3
716 1918 850 1988 tuarum,
863 1914 1000 1991 inquam,
1011 1915 1142 1989 aurium,

87 2029 221 2086 quarum
242 2006 391 2086 peritiae,
399 2009 426 2069 si
447 2027 497 2068 me
518 2009 718 2069 decursorum
740 2010 780 2069 ad
800 2010 858 2070 hoc
875 2011 945 2070 aevi
967 2017 1143 2089 temporum

87 2106 307 2184 praerogativa
333 2125 397 2165 non
424 2106 543 2180 obruat,
569 2125 625 2165 nec
650 2107 873 2167 Frontinianae
899 2109 1064 2184 gravitatis
1088 2114 1143 2168 aut

87 2202 237 2281 ponderis
261 2202 431 2279 Apuleiani
455 2202 576 2261 fulmen
600 2203 809 2280 aequiparem,
834 2205 885 2263 cui
909 2207 1064 2266 Varrones
1092 2207 1142 2266 vel
1223 2211 1229 2219 '

88 2299 244 2360 Atacinus
263 2299 314 2358 vel
336 2299 511 2375 Terentius,
526 2300 626 2359 Plinii
641 2299 690 2358 vel
713 2301 885 2361 avunculus
900 2302 950 2362 vel
973 2295 1142 2382 Secundus,

88 2396 255 2474 compositi
273 2396 565 2474 impraesentiarum
579 2396 822 2458 rusticabuntur.

89 2559 200 2627 Inrv.
217 2558 265 2618 22.

310 2671 378 2748 Ego
392 2671 507 2748 Plinio,
521 2676 558 2732 ut
573 2670 756 2749 discipulus,
772 2672 915 2749 adsurgo.

89 2837 140 2896 Iu.
156 2855 229 2895 vrn.
246 2836 293 2896 10.

131 2951 163 3010 C.
179 2949 303 3009 Plinius
318 2969 374 3028 pro
389 2949 486 3010 Accia
499 2949 628 3010 Variola
644 2950 715 3029 plus
733 2949 850 3027 gloriae
868 2951 907 3010 de
924 2952 1144 3013 centumvirali

89 3052 240 3123 suggestu
260 3047 387 3106 domum
408 3046 526 3119 retulit,
543 3066 636 3123 quam
658 3067 755 3124 quum
776 3049 883 3108 Marco
904 3048 1012 3126 Ulpi0,
1032 3049 1145 3110 incoin-

88 3143 224 3222 parabili
238 3143 383 3222 principi,
399 3144 639 3220 comparabilem
654 3144 876 3223 panegyricum
891 3145 982 3206 dixit.

90 3321 326 3382 Cussrononus.
372 3321 479 3382 Oinoa.
496 3324 550 3380 cub
570 3323 714 3380 Troiano.

131 3434 241 3496 Celsus
266 3439 298 3493 et
322 3434 503 3511 Crispinus:
539 3434 601 3494 His
630 3434 814 3496 consulibus
834 3434 969 3496 Plinius
985 3435 1163 3493 Saeuum

84 3531 331 3592 Nouocomensis
354 3539 460 3595 orator
482 3539 516 3597 et
535 3534 720 3599 historicus
745 3533 894 3614 insigms
910 3531 1079 3599 maneum,
1096 3522 1197 3580 uim

69 3623 194 3696 ingenii
205 3625 351 3702 plurima
364 3652 466 3714 opera
483 3644 635 3703 exstant.
