2512 3870
423 180 683 231 EPISTULARUM
707 180 756 231 VI.
776 181 800 231 2.

427 635 570 699 LIBER
601 635 793 701 SEXTUS.

533 848 586 909 ea.
614 846 688 926 (11.)

348 1006 379 1058 C.
404 1007 548 1057 PLINIUS
570 1006 739 1057 ARRIANO
763 1008 830 1058 SUO
854 1009 879 1059 S.

330 1155 384 1205 The
396 1155 474 1205 droth
487 1155 519 1217 os
526 1155 648 1217 Baculus
659 1169 676 1205 c
689 1156 743 1206 loss
755 1160 781 1205 to
794 1156 835 1206 the
848 1156 905 1206 bor.

75 1317 88 1361 1
152 1301 241 1361 Soleo
259 1320 321 1360 non
342 1319 512 1377 numquam
529 1303 563 1358 in
580 1300 706 1360 iudiciis
725 1319 873 1378 quaerere
887 1302 930 1360 M.
945 1301 1112 1377 Regulum,

75 1407 183 1465 anolo
198 1406 281 1468 enim
301 1405 412 1480 dicere,
427 1405 613 1465 desiderare.
657 1407 719 1466 Cur
738 1425 811 1483 ergo
828 1409 969 1483 quaero?
1011 1407 1114 1466 Habe

110 1512 165 1571 bat
183 1511 298 1572 studiis
319 1511 477 1586 honorem,
497 1511 639 1586 timebat,
655 1510 803 1588 pallebat,
826 1511 989 1587 scribebat,
1009 1531 1114 1589 quam-

110 1617 160 1676 vis
174 1637 237 1676 non
251 1622 357 1694 posset
344 1617 515 1676 tediscere
559 1616 667 1675 Illud'
660 1635 773 1694 ipsum,
785 1616 869 1693 quod
883 1616 1007 1675 oculum
1021 1617 1113 1676 modo

111 1723 257 1823 dextrqm
284 1722 375 1781 modo
404 1721 568 1781 sinistrum
566 1721 841 1834 qircqmlinebat,
819 1722 941 1780 ttdex
928 1727 1021 1797 trum,
1047 1722 1073 1782 si
1094 1741 1147 1787 as

110 1783 278 1904 βξὴὶϊοιᾸθ,
283 1827 425 1902 alterum,
452 1826 479 1886 si
507 1845 525 1885 a
553 1792 731 1904 iiddbessore
758 1833 842 1886 esset
869 1830 1004 1901 acturus,
1029 1827 1113 1903 quod

110 1933 279 1992 candidum
314 1931 513 2008 splenium
505 1951 539 1990 m
566 1931 625 1990 hoc
653 1938 707 1991 aut
735 1932 768 1990 in
796 1931 876 1991 illud
910 1931 1112 2008 supercilium

110 2010 328 2110 transferebat,
344 2037 428 2113 quod
443 2055 565 2114 semper
582 2036 764 2114 haruspices
781 2037 963 2097 consulebat
982 2038 1021 2096 de
1039 2037 1113 2096 acti-

110 2144 178 2203 onis
193 2147 317 2218 eventu,
334 2143 465 2202 animia
482 2142 713 2220 superstitione,
730 2143 784 2202 sed
802 2149 907 2202 tamen
922 2149 955 2202 et
968 2162 987 2203 a
1001 2161 1112 2219 magno
1136 2197 1176 2219 κ,
1216 2152 1227 2255 p

73 2248 285 2308 astudiorum
306 2248 423 2307 honore
440 2248 593 2308 veniebat.
637 2249 706 2307 Iam
727 2247 784 2307 illa
804 2267 955 2325 perquam
977 2248 1113 2308 iucunda
1133 2261 1160 2307 1⁰
1224 2268 1233 2333 g

109 2373 173 2412 una
191 2353 377 2427 dicentibus,
399 2354 483 2430 quod
501 2353 601 2413 libera
619 2359 761 2430 tempora
770 2353 910 2430 petebat,
926 2353 1009 2430 quod
1027 2353 1113 2413 audi-

108 2464 196 2519 turos
217 2458 406 2534 conrogabat.
449 2458 532 2528 Quid
553 2458 636 2517 enim
657 2459 824 2518 iucundius
846 2478 939 2535 quarn
960 2459 1018 2518 sub
1039 2459 1127 2518 alte--

109 2565 174 2624 rius
196 2564 317 2623 invidia
338 2582 431 2640 quam
453 2564 507 2622 diu
521 2564 600 2623 velis
621 2564 704 2623 etin
724 2564 825 2623 alieno
847 2563 1002 2624 auditorio
1020 2563 1131 2647 quasi,

73 2681 88 2726 4
109 2670 338 2747 deprehensum
349 2669 509 2728 commode
521 2669 649 2728 dicere?
692 2670 753 2728 Sed
767 2675 935 2746 utcumque
948 2687 980 2728 se
994 2668 1112 2728 habent

108 2775 179 2850 ista,
202 2775 281 2861 bene
302 2773 380 2832 fecit
405 2774 545 2848 Regulus
570 2775 654 2850 quod
679 2781 728 2834 est
752 2781 910 2849 mortuus3
939 2773 1060 2848 melius,
1084 2773 1111 2833 si
1132 2784 1160 2829 15

109 2886 190 2940 ante.
232 2880 326 2939 Nunc
344 2879 428 2938 enirn
448 2897 522 2939 sane
541 2885 665 2956 poterat
684 2879 751 2939 sine
765 2880 847 2938 malo
865 2879 990 2956 publico
1003 2879 1110 2938 vivere

110 2986 167 3046 sub
188 3004 224 3044 eo
245 2985 387 3062 principe
409 2984 466 3043 sub
487 3003 549 3060 quo
571 3003 681 3043 nocere
701 3004 765 3042 non
789 2989 919 3061 poterat.
963 2984 1039 3043 Ideo
1060 2984 1110 3043 fas

72 3107 87 3151 5
108 3098 157 3152 est
178 3110 240 3149 uon
261 3109 432 3166 numquam
454 3109 524 3148 eum
546 3107 702 3166 quaerere.
744 3089 827 3148 Nam
847 3094 1012 3166 postquam
1032 3088 1111 3148 obiit

108 3196 171 3272 ille,
194 3195 366 3255 increbruit
387 3194 504 3271 passim
526 3200 557 3254 et
578 3193 714 3253 invaluit
736 3194 927 3252 consuetudo
947 3193 1037 3253 binas
1058 3193 1109 3252 vel

108 3299 248 3378 singulas
263 3300 454 3378 clepsydras,
471 3299 629 3359 interdum
644 3299 739 3358 etiam
759 3298 905 3358 dimidias
921 3302 952 3356 et
967 3297 1063 3357 dandi
1078 3303 1110 3356 et
1130 3312 1159 3357 20
1213 3380 1215 3385 Β

107 3406 244 3484 petendi.
287 3406 371 3464 Nam
389 3405 493 3482 etqui
515 3405 625 3463 dIcunt
645 3404 744 3479 egisse
764 3403 887 3463 malunt
905 3422 999 3479 quam
1019 3421 1109 3477 agere
1146 3456 1149 3461 .

106 3518 138 3569 et
152 3511 205 3586 qui
219 3511 354 3570 audiunt
369 3509 463 3572 finire
481 3531 577 3592 quam
594 3510 750 3574 iudicare.
786 3512 903 3571 'lanta
912 3503 1139 3581 nemesium

89 3618 178 3670 canta
192 3614 326 3692 desidia,
345 3623 440 3682 tanta
457 3621 605 3706 denique
625 3619 860 3686 inreverentia
875 3596 1173 3676 exanimari*
