2512 3870
409 178 668 232 EPISTULARUM
691 181 739 231 1v.
760 181 784 231 1.

391 725 534 791 LIBER
565 723 791 804 QUARTUS

530 965 582 1025 42.
612 962 666 1043 (r.)

226 1122 258 1176 O.
281 1123 426 1176 PLINIUS
449 1123 596 1174 FABATO
619 1121 832 1174 PROSOCERO
855 1120 922 1174 SUO
946 1121 972 1172 S.

441 1271 468 1321 A
480 1274 544 1335 long
555 1272 674 1334 deferred
685 1273 754 1321 visit.

62 1427 76 1472 1
140 1417 236 1496 (lupis
257 1423 329 1496 post
350 1417 477 1493 longum
499 1423 623 1494 tempus
651 1422 776 1493 neptem
799 1422 886 1476 tuam
908 1434 1019 1493 meque
1039 1433 1103 1474 una

99 1524 215 1583 videre.
259 1524 393 1585 Gratum
408 1529 457 1583 est
470 1523 597 1600 utrique
611 1527 753 1581 nostrum
768 1523 851 1598 quod
865 1522 971 1599 cupis3
994 1526 1103 1580 mutuo

61 1639 77 1683 2
99 1628 283 1689 mehercule.
332 1629 413 1688 Nam
436 1628 571 1686 invicem
593 1646 650 1686 nos
671 1627 849 1687 incredibili
871 1628 1004 1704 quodam
1026 1627 1104 1686 desi-

99 1712 186 1794 derio
205 1734 303 1794 vestri
324 1740 476 1809 tenemur,
491 1734 575 1810 quod
596 1752 658 1791 non
678 1732 763 1791 ultra
784 1732 980 1807 differemus,
996 1737 1103 1810 'atque

99 1841 176 1900 adeo
198 1841 261 1900 iam
283 1839 453 1899 sarcinulas
476 1837 640 1914 alligamus
662 1837 855 1912 festinaturi,
878 1843 1030 1914 quantum
1055 1837 1104 1895 iti·
1123 1849 1138 1895 5

63 1954 79 1999 3
99 1947 184 2006 neris
198 1946 277 2005 ratio
292 1944 478 2022 permiserit.
523 1943 594 2002 Erit
608 1962 671 2002 una
685 1943 740 2002 sed
754 1942 857 2002 brevis
872 1960 973 2001 mora:
997 1941 1105 2001 defleo-

99 2056 202 2113 temus
217 2052 250 2111 in
264 2052 391 2126 Tuscos,
405 2069 468 2109 non
487 2055 523 2108 ut
543 2068 632 2124 agros
654 2067 780 2125 remque
801 2048 991 2106 familiarem
1006 2048 1104 2107 oculis

101 2157 290 2218 subiciamus
313 2156 360 2235 (id
381 2156 464 2215 enim
485 2155 632 2232 postponi
653 2156 782 2235 potest),
806 2155 859 2213 sed
880 2160 915 2213 ut
936 2154 1105 2228 fungamur

63 2271 79 2315 4
100 2262 275 2323 necessario
289 2261 396 2321 officio
441 2261 600 2338 Oppidum
614 2265 662 2319 est
677 2260 814 2337 praediis
829 2260 944 2320 nostris
956 2260 1104 2334 vicinum,

102 2367 231 2446 (nomen
244 2365 371 2439 ¹Tiferni
385 2363 548 2444 Tiberini)
566 2363 650 2441 quod
671 2382 720 2422 mc
742 2382 840 2441 paene
856 2365 957 2424 adhuc
974 2383 1105 2442 puerum
1126 2378 1154 2423 10

100 2453 267 2549 patronum
287 2468 456 2547 cooptavit,
473 2474 562 2528 tanto
583 2469 699 2527 maiore
721 2469 826 2528 studio
848 2475 965 2546 quanto
986 2470 1105 2529 minore

102 2576 224 2635 iudicio.
268 2575 433 2633 Adventus
449 2591 533 2633 meos
546 2572 691 2648 celebrat,
707 2573 953 2651 profectionibus
969 2574 1103 2649 angitur,

64 2681 271 2740 5·honcribus
286 2678 409 2755 gaudet.
453 2678 493 2736 In
507 2678 565 2737 hoc
580 2697 646 2753 ego,
657 2685 694 2737 ut
708 2679 857 2738 referrem
873 2679 1006 2754 gratiam
1019 2679 1105 2757 (nam

101 2787 186 2845 vinci
207 2786 240 2845 in
262 2803 365 2846 amore
386 2783 604 2863 turpissimum
626 2786 697 2865 cst),
713 2784 866 2873 templum
883 2784 1016 2861 pecunia
1036 2803 1106 2844 mea

101 2877 256 2966 exstruxi,
275 2877 363 2950 cuius
387 2889 625 2964 dedicationem,
648 2908 717 2948 cum
739 2889 782 2948 sit
803 2895 956 2966 paratum,
978 2889 1105 2948 differre
1126 2906 1154 2952 15

64 3006 80 3051 6
101 2997 225 3072 longius
248 2995 464 3071 inreligiosum
492 3000 548 3055 est.
591 2994 718 3054 Erimus
740 3012 812 3068 ergo
833 2994 878 3054 ibi
899 2994 1105 3055 dedicationis

101 3103 163 3176 die,
185 3120 277 3179 quem
305 3100 398 3179 epulo
425 3100 579 3160 celebrare
607 3099 764 3159 constitui.
810 3098 1022 3159 Subsistemus
1046 3100 1107 3159 for-

102 3213 187 3267 tasse
208 3212 240 3266 et
262 3205 415 3284 sequenti,
432 3206 486 3266 sed
507 3210 596 3264 tanto
618 3204 716 3279 magis
737 3204 819 3263 viam
841 3204 942 3281 ipsam
963 3204 1107 3282 corripie-

66 3321 81 3369 7
102 3332 180 3372 mus.
224 3311 393 3386 Contingat
408 3312 499 3370 modo
514 3316 545 3369 te
560 3309 719 3387 filiamque
735 3315 820 3368 tuam
836 3310 934 3369 fortes
947 3309 1105 3369 invenire!

102 3436 175 3503 nam
206 3415 368 3497 continget
398 3414 524 3491 hilares,
557 3414 584 3474 si
615 3432 672 3472 nos
705 3412 876 3473 incolumes
915 3413 1104 3491 receperitis.
1126 3433 1156 3477 ‘rc

102 3521 189 3584 Vale.
284 3537 288 3553 ’
