2512 3870
417 169 420 175 ·
447 175 709 226 unsrunxsun
732 175 765 226 v.
789 175 811 225 1.
1090 160 1133 226 69

127 347 284 407 sententia
303 347 465 406 ‘videtur'
488 348 626 425 inquam,
650 348 811 422 ‘Curiana
834 353 934 408 mater
955 352 1011 407 tua
1031 347 1131 407 iustas

126 452 272 512 habuisse
287 471 396 513 causas
412 453 567 513 irascendi
583 453 661 513 tibi!
704 456 781 513 Post
792 454 850 512 hoc
865 453 919 512 ille
934 472 1004 512 cum
1019 453 1131 512 ceteris

127 557 312 635 subscripsit
321 549 547 618 centumvirale
557 558 719 633 iudicium,
730 578 792 618 non
801 558 988 635 subscripsit
1000 576 1128 617 mecum.

89 679 104 726 7
125 662 305 740 Adpetebat
319 663 429 723 iudicii
440 664 522 724 dies:
541 663 709 723 coheredes
725 664 786 722 mei
801 682 974 740 conponere
989 668 1022 722 et
1032 668 1130 722 trans

126 768 209 844 igere
234 769 411 846 cupiebant,
436 788 498 828 non
522 768 699 829 diffidentia
723 787 834 829 causae
860 770 915 829 sed
941 775 1028 827 metu
1055 774 1165 827 tem-5

125 892 243 949 porum.
286 874 485 935 Verebantur
507 875 591 951 quod
613 875 763 934 videbant
783 874 893 933 multis
913 873 1072 947 accidisse,
1089 892 1129 931 ne

88 995 105 1041 8
126 996 164 1037 ex
191 979 411 1039 centumvirali
440 980 556 1039 iudicio
584 980 699 1057 capitis
722 980 768 1039 rei
791 979 921 1038 exirent.
975 980 1017 1038 Et
1040 984 1130 1038 erant

125 1083 254 1160 quidam
282 1085 316 1143 in
344 1085 410 1144 illis
438 1085 552 1161 quibus
581 1085 661 1144 obici
690 1090 723 1144 et
750 1084 905 1145 Gratillae
930 1083 1070 1143 amicitia
1097 1089 1130 1143 ct

125 1189 250 1248 Rustici
278 1195 391 1267 posset.
448 1191 574 1266 Rogant
607 1208 656 1249 me
685 1196 720 1248 ut
748 1207 817 1248 curn
846 1190 981 1249 Curiano
1009 1188 1127 1265 loquar.

87 1311 105 1358 9
125 1294 335 1355 Convenimus
357 1295 391 1353 in
413 1296 521 1355 aedem
542 1295 740 1356 Concordiae.
792 1294 843 1354 lbi
865 1313 921 1370 ego
946 1295 990 1354 ‘si
1011 1294 1128 1353 mater'
1150 1309 1178 1355 10

125 1399 253 1476 inquam
280 1406 328 1460 ‘te
352 1419 392 1459 ex
414 1406 503 1478 parte
528 1406 642 1478 quarta
667 1400 845 1478 scripsisset
872 1400 1029 1474 heredem,
1054 1419 1130 1458 num

125 1505 214 1581 queri
237 1508 371 1582 posses?
398 1506 494 1576 'Quid
515 1506 542 1565 si
563 1505 710 1565 heredem
732 1505 858 1582 quidem
880 1506 1071 1565 instituisset
1090 1524 1129 1564 ex

125 1629 203 1686 asse,
219 1611 275 1670 sed
293 1611 405 1686 legatis
427 1611 473 1670 ita
494 1611 692 1671 exhausisset
709 1616 746 1670 ut
765 1631 827 1670 non
845 1589 979 1688 amplius
1000 1611 1083 1688 apud
1097 1617 1129 1670 te

125 1735 219 1792 quam
240 1722 354 1793 quarta
374 1719 573 1776 remaneret?
616 1717 718 1792 Igitur
740 1715 879 1776 sufficere
901 1716 960 1775 tibi
982 1716 1082 1791 debet,
1102 1716 1129 1776 si

125 1821 332 1882 exheredatus
354 1841 373 1882 a
392 1828 492 1882 matre
512 1827 657 1899 quartam
674 1827 795 1899 partem
816 1822 855 1881 ab
876 1821 1044 1880 heredibus
1062 1821 1129 1881 eius
1150 1838 1178 1883 15

74 1943 106 1989 10
126 1927 270 2005 accipias,
286 1946 380 2005 quarn
395 1934 500 1988 tamen
516 1946 572 2004 ego
590 1929 716 2003 augebo.
761 1928 827 1988 Scis
847 1933 879 1987 te
896 1947 959 1986 non
977 1927 1130 2006 subscrip

127 2033 205 2093 sisse
220 2052 341 2092 mecum
355 2039 388 2093 et
404 2034 467 2094 iam
483 2033 644 2093 biennium
661 2033 812 2093 transisse
827 2034 992 2109 omniaque
1006 2051 1056 2092 me
1070 2052 1130 2093 usu

126 2126 254 2216 cepisse.
298 2139 360 2199 Sed
378 2144 414 2198 ut
431 2144 462 2198 te
479 2138 646 2199 coheredes
666 2139 728 2197 mei
747 2139 993 2199 tractabiliorem
1011 2139 1130 2216 experi-

126 2249 219 2303 antur
240 2250 337 2322 utque
358 2244 417 2304 tibi
444 2244 526 2303 nihil
554 2244 721 2304 abstulerit
745 2244 920 2303 reverentia
941 2245 1010 2319 mei,
1033 2244 1129 2303 offero

76 2366 105 2413 11
126 2368 270 2426 promea
288 2355 376 2427 parte
395 2351 601 2411 tantundem!
644 2350 717 2408 Tuli
732 2350 871 2408 fructum
892 2369 955 2409 non
976 2350 1130 2410 conscien-
1150 2362 1180 2408 20

126 2455 189 2514 tiae
207 2456 298 2515 modo
316 2456 538 2516 verumetiam
557 2457 669 2516 famae.
713 2455 773 2513 Ille
795 2473 867 2530 ergo
882 2454 1035 2515 Curianus
1050 2455 1131 2530 lega

126 2565 193 2618 tum
215 2561 295 2619 mihi
316 2561 446 2638 reliquit
467 2566 499 2621 et
520 2562 640 2621 factum
661 2579 773 2635 meum,
796 2560 858 2619 nisi
879 2560 961 2619 forte
985 2560 1130 2619 blandior

77 2681 106 2727 12
126 2665 215 2740 mihi,
247 2666 386 2725 anticum
420 2666 554 2726 notabili
588 2667 705 2725 honore
741 2665 885 2740 signavit.
949 2666 1037 2725 Haec
1071 2665 1130 2724 tibi

127 2771 248 2849 scripsi,
263 2773 339 2850 quia
358 2773 395 2831 de
417 2773 560 2832 omnibus
585 2790 664 2848 quae
686 2789 735 2830 me
756 2771 807 2829 vel
830 2771 988 2848 delectant
1008 2769 1059 2828 vel
1081 2789 1131 2828 an-

128 2882 206 2952 gunt
219 2897 283 2941 non
300 2876 393 2937 aliter
409 2883 511 2937 tecum
527 2894 622 2953 quam
639 2894 761 2935 mecum
778 2875 865 2952 loqui
884 2874 984 2950 soleo;
1007 2874 1129 2950 deinde,
1151 2891 1180 2935 at

127 2982 210 3058 quod
230 2982 341 3041 durum
357 2981 575 3042 existimabam
590 2987 622 3040 te
637 2980 887 3041 amantissimum
908 2979 969 3039 mei
983 2979 1130 3051 fraudare

77 3106 107 3152 13
128 3087 289 3164 voluptate
310 3106 405 3164 quam
426 3087 493 3164 ipse
517 3087 687 3164 capiebam.
731 3086 843 3162 Neque
864 3084 949 3142 enim
974 3103 1042 3144 sum
1065 3089 1131 3143 tam

128 3192 309 3269 sapiens'ut
328 3191 409 3250 nihil
426 3210 497 3251 mea
513 3191 640 3251 intersit
655 3209 697 3250 an.
714 3190 760 3249 eis
777 3207 857 3266 quae
872 3189 1002 3249 honeste
1018 3189 1131 3249 fecisse

128 3316 178 3357 me
192 3297 284 3357 oredo
294 3296 476 3358 testificatio
490 3297 643 3374 quaedam
655 3302 687 3355 et
701 3295 792 3372 quasi
806 3294 979 3373 praemium
995 3294 1130 3354 accedat.

130 3400 217 3462 Vale.
