2512 3870
127 157 167 218 18
554 167 583 215 c.
605 167 721 216 rmnr·

125 341 250 400 inanem
278 341 420 422 umbram
441 344 472 397 et
494 339 560 398 sinc
586 339 702 397 honore
730 358 840 398 nomen
870 360 910 398 an
938 345 1127 416 potestatem
1176 330 1214 392 Ψ·

126 450 353 505 sacrosanctam
369 449 400 503 et
415 464 506 521 quam
529 444 561 501 in
582 444 718 502 ordinem
742 445 806 513 rogi
827 451 898 505 uta
918 444 1006 503 nullo
1025 445 1072 505 ita
1088 464 1127 503 ne

126 569 190 621 ase
206 551 331 627 quidem
348 551 463 608 deceat.
500 550 574 626 lpse
589 568 658 607 cum
674 550 818 607 tribunus
835 570 943 624 essem,
960 550 1126 609 erraverim
1148 556 1163 601 2

126 656 259 715 fortasse
274 656 328 732 qui
350 675 399 714 me
421 654 541 731 aliquid
562 654 680 731 putavi,
696 655 751 714 sed
772 660 932 731 tamquam
954 674 1063 732 essem,
1078 657 1127 716 ab

91 779 106 823 5
126 761 224 822 stinui
240 761 341 820 causis
356 760 501 835 agendis:
525 759 670 848 primum,
686 760 769 836 quod
784 761 924 819 deforme
944 762 1126 836 arbitrabar,

126 866 176 925 cui
191 866 365 940 adsurgere,
382 865 430 923 eui
446 865 513 922 loco
530 865 638 922 cedere
660 852 760 935 omnis
782 871 947 943 oporteret,
964 866 1046 925 bunc
1067 887 1128 925 om-

126 972 218 1031 nibus
234 972 414 1033 sedentibus
430 975 530 1045 stare3
553 949 653 1046 etqui
671 970 776 1029 iubere
791 978 896 1048 posset
910 978 1013 1031 tacere
1025 991 1127 1055 quem-

127 1097 267 1156 cumque,
277 1077 350 1136 huic
362 1075 521 1135 silentium
534 1076 699 1153 clepsydra
710 1058 824 1152 indici;¹
840 1082 971 1154 etquern
982 1078 1128 1137 interfari

126 1186 217 1244 nefas
233 1193 323 1259 esset,
339 1185 421 1244 hunc
436 1185 531 1243 etiam
551 1183 692 1242 convicia
710 1182 826 1256 audire,
842 1188 874 1241 et
888 1183 915 1242 si
929 1183 1032 1242 inulta
1045 1189 1129 1260 pate-

79 1296 222 1364 leretur,
244 1290 385 1361 inertem,
408 1290 434 1349 si
456 1290 667 1362 ulcisceretur,
690 1287 876 1347 insolentem
898 1288 1007 1347 videri.
1050 1290 1129 1347 Erat
1150 1298 1164 1341 3

127 1396 179 1454 hic
194 1414 315 1472 quoque
330 1402 434 1454 aestus
450 1388 651 1467 ante'oeuloa
668 1393 695 1453 si
711 1394 793 1452 forte
808 1411 857 1451 me
872 1393 1064 1470 appellasset
1078 1393 1128 1451 vel

128 1501 182 1560 ille
203 1501 254 1559 eui
277 1501 417 1560 adessem
439 1500 489 1558 vel
514 1499 569 1558 ille
592 1518 683 1576 quern
709 1504 825 1572 contra,
852 1498 1076 1557 intercederem
1098 1504 1129 1558 et

47 1638 59 1671 ·,
128 1606 281 1666 auxilium
303 1606 426 1679 ferrem,
442 1625 482 1664 an
497 1605 687 1682 quiescerem
711 1604 896 1681 silercmque
914 1609 946 1662 et
960 1604 1050 1681 quasi
1068 1604 1130 1662 eiu-

93 1742 96 1748 ·
128 1717 195 1770 rato
211 1711 396 1786 magistratu
410 1710 567 1788 privatum
582 1710 649 1787 ipse
670 1729 719 1768 me
741 1710 885 1768 facerem.
928 1709 990 1769 His
1005 1710 1130 1769 rationi·
1149 1722 1164 1765 4

80 1834 108 1879 lo
128 1817 186 1876 bus
207 1822 319 1890 motus,
335 1817 431 1875 malui
451 1835 500 1873 me
521 1815 682 1875 tribunum
704 1814 846 1874 omuibus
869 1814 1014 1874 exhibere
1036 1834 1129 1891 quam

129 1922 236 1999 paucis
252 1922 444 1980 advocatum.
490 1921 551 1979 Sed
571 1926 615 1994 tu,
632 1920 745 1978 iterum
762 1910 878 1992 dicam,
894 1919 1064 1996 plurimum
1086 1920 1130 1978 in-
1150 1931 1165 1975 5

128 2032 226 2086 terest
247 2027 323 2104 quid
344 2045 411 2086 esse
433 2026 626 2084 tribunatum
649 2030 749 2101 putes,
772 2044 864 2101 quarn
885 2042 1048 2101 personam
1071 2025 1128 2084 tibi
1189 2035 1191 2038 ’

130 2132 270 2209 inponas,
286 2150 365 2208 quae
380 2130 514 2208 sapienti
529 2130 597 2189 viro
614 2130 659 2188 ita
678 2130 816 2207 aptanda
830 2134 929 2189 estut
943 2130 1128 2207 perferatur.

128 2237 215 2297 Vale.

513 2417 565 2507 rr.
595 2414 742 2494 (xxrv.)

287 2575 317 2626 c.
344 2574 488 2626 ruimus
511 2545 827 2624 rnnaro'ursrnu'o
852 2573 918 2624 suo
942 2574 968 2624 s.

335 2720 481 2772 Suetonius
498 2722 590 2771 wishes
608 2728 634 2771 to
653 2722 704 2782 bap
722 2735 738 2771 α
757 2723 824 2771 little
836 2722 921 2785 ferne.

80 2893 109 2938 ρο
169 2868 381 2945 Tranquillus
403 2867 634 2927 contubernalis
656 2885 751 2941 meus,
774 2866 843 2925 vult
864 2885 964 2925 emere
992 2866 1128 2942 agellum
1151 2879 1164 2923 1

130 2993 221 3051 quem
236 2972 398 3032 venditare
414 2973 531 3032 amicus
545 2977 618 3032 tuus
635 2972 757 3031 dieitur.
801 2973 889 3047 Rogo
910 2990 998 3031 eures
1018 2972 1129 3049 quanti
1150 2984 1165 3028 a

130 3097 237 3138 aecum
265 3084 313 3137 est
341 3083 441 3137 emat:
482 3078 527 3137 ita
563 3078 645 3136 enim
674 3077 843 3137 delectabit
871 3077 991 3137 emisse.
1044 3078 1128 3136 Nam

129 3185 225 3273 mala-
237 3184 355 3265 emptio
384 3203 504 3261 semper
528 3183 659 3258 ingrata,
681 3200 717 3241 eo
745 3183 888 3257 maxime,
911 3184 993 3259 quod
1021 3201 1130 3259 expro

130 3290 218 3349 brare
239 3289 407 3349 stultitiam
429 3289 555 3347 domiuo
575 3288 708 3346 videtur.
752 3288 790 3345 In
811 3288 869 3346 hoc
891 3293 995 3347 autem
1017 3287 1128 3363 agello,
1150 3304 1166 3349 3

74 3422 108 3463 25
128 3395 156 3453 si
184 3396 275 3453 modo
299 3394 448 3453 adriserit
476 3393 621 3471 pretium,
643 3391 819 3470 Tranquilli
844 3392 906 3452 mci
934 3392 1128 3474 stomachum

104 3497 213 3554 multa
234 3498 424 3576 sollicitant,
449 3499 599 3561 vicinitas
620 3498 720 3575 urbis,
733 3498 951 3577 opportunitas
968 3498 1049 3570 riae,
1067 3517 1130 3555 me-

83 3591 249 3677 diocritas
280 3605 394 3686 villae,
420 3610 545 3689 modus
574 3608 673 3689 ruris,
700 3606 760 3687 qui
786 3607 901 3687 auocet
924 3600 1030 3674 inagis
1055 3617 1155 3673 quarn
