2512 3870
419 181 681 258 nrrsrursnun
705 182 758 231 111.
775 182 801 234 o.
1025 200 1029 205 ·
1069 171 1110 235 41

106 348 155 413 me
180 360 356 431 correptum
386 355 484 414 abeo
511 375 565 413 cur
590 354 797 414 ambularem:
827 356 986 433 ‘poteras'
1008 355 1112 433 inquit

31 461 36 472 ’
108 465 116 494 ‘
125 459 182 519 has
197 459 290 519 horas
305 477 367 518 non
382 460 511 537 perdere
521 460 546 535 '3
569 478 642 519 nam
656 444 757 537 perire
779 479 868 519 omne
889 466 1012 538 tempus
1034 461 1112 520 arbi-

58 575 86 622 17
107 565 250 624 trabatur
264 565 349 643 quod
363 564 476 634 studiis
490 584 552 623 uon
568 548 807 642 impenderetur.
851 566 921 625 Hac
937 565 1110 625 intentione

37 662 39 667 ’
108 673 156 728 tot
170 669 233 729 ista
246 669 406 729 volumina
416 669 539 747 peregit
550 669 780 746 electorumque
792 671 1029 730 commentarios
1044 671 1111 730 e'en-

108 779 175 834 turn
197 774 360 850 sexaginta
382 775 460 833 mihi
488 775 625 852 reliquit,
648 775 1056 852 opisthographosquidem
1079 781 1145 834 eto

108 878 318 940 minutissime
343 880 492 958 scriptos3
515 899 578 958 qua
596 880 716 939 ratione
736 881 965 958 multiplicatur
985 881 1036 940 hie
1059 901 1111 940 nu-

75 998 220 1045 *merus
263 985 434 1045 Referebat
454 985 522 1063 ipse
544 986 683 1064 potuisse
708 1005 750 1061 se,
772 1005 842 1044 cum
869 992 1049 1063 procuraret
1076 987 1110 1045 in

108 1090 275 1168 Hispania,
289 1090 424 1151 rendere
446 1090 502 1151 hos
520 1080 757 1151 commentarios
779 1091 893 1167 Largio
914 1091 1024 1150 Licino
1039 1111 1111 1169 qua

109 1196 284 1270 dringentis
299 1196 426 1256 milibus
441 1216 611 1271 nummum,
627 1200 659 1255 et
679 1201 754 1255 tune
774 1196 935 1274 aliquanto
949 1197 1110 1276 pauciores
1170 1250 1173 1254 .

59 1310 89 1356 18
109 1308 206 1361 erant.
248 1303 362 1361 Nonne
382 1302 508 1362 videtur
528 1302 587 1363 tibi
609 1280 784 1362 recordanti
809 1308 960 1380 quantum
989 1302 1110 1379 legerit,
1132 1317 1158 1362 lt

45 1439 47 1442 >
110 1392 262 1484 quantum
283 1408 453 1485 scripserit,
475 1427 530 1467 nee
559 1408 592 1465 in
613 1407 722 1468 officiis
743 1407 819 1467 ullis
840 1427 897 1466 nec
919 1409 951 1466 in
973 1408 1111 1467 amicitia

110 1480 262 1595 pffirqipis
284 1513 393 1587 fuisse,
416 1533 531 1588 rursus,
554 1517 624 1571 cum
646 1512 737 1572 audis
762 1513 839 1590 quid
861 1513 974 1573 studiis
996 1514 1110 1573 laboris

109 1617 298 1695 inpenderit,
323 1637 380 1677 nee
405 1604 566 1696 scripsisse
590 1617 667 1678 satis
692 1609 748 1677 nec
777 1618 915 1692 legisse?
957 1619 1039 1688 Quid
1063 1623 1111 1677 est
1173 1670 1175 1675 .

109 1722 193 1783 enim
208 1723 292 1800 quod
305 1742 368 1782 non
389 1729 444 1783 aut
464 1723 538 1783 illae
559 1724 777 1800 occupationes
799 1723 939 1800 inpedire
960 1729 1015 1782 aut
1035 1723 1111 1782 haee

60 1839 89 1885 19
109 1827 263 1889 instantia
283 1848 346 1887 non
366 1828 466 1906 possit
487 1828 632 1888 efficere?
674 1830 786 1906 Itaque
808 1828 892 1888 soleo
913 1829 1023 1904 ridere,
1041 1848 1111 1887 eum
1132 1845 1160 1890 15

110 1952 158 1992 me
172 1933 305 2019 'quidam
329 1933 503 1994 studiosum
523 1939 645 2009 vocant,
661 1933 724 2010 qui,
740 1934 767 1994 si
789 1952 947 2012 comparer
968 1933 1026 2008 illi,
1043 1954 1112 1994 sum

110 2038 384 2100 desidiosissimus.
426 2041 494 2114 Ego
521 2046 624 2099 autem
650 2045 783 2114 tantum,
805 2058 896 2117 quem
923 2039 1037 2116 partim
1059 2058 1112 2116 pu-

108 2143 193 2204 blica
212 2143 329 2222 partim
349 2144 517 2204 amicornm
538 2144 638 2204 officia
659 2145 880 2221 distringunt?
902 2144 973 2222 quis
988 2163 1026 2203 ex
1041 2144 1111 2204 istis

110 2249 165 2327 qui
192 2254 261 2309 tota
288 2249 356 2309 vita
382 2249 500 2310 litteris
528 2249 674 2310 adsident
702 2251 835 2310 collatus
860 2249 908 2308 illi
933 2269 995 2309 non
1021 2249 1111 2327 quasi

58 2369 90 2416 ao
110 2373 218 2414 somno
245 2360 277 2414 ct
305 2354 437 2415 inertiae
460 2355 584 2416 deditus
610 2357 796 2415 erubeseat?
838 2355 976 2414 Extendi
998 2355 1112 2432 epistu-
1132 2370 1162 2416 ao

37 2454 41 2461 ⁴
109 2460 274 2540 lamburn
294 2461 353 2520 hoo
376 2460 476 2520 solum
497 2462 580 2538 quod
603 2461 784 2539 requirebas
806 2461 939 2521 scribere
961 2461 1113 2539 dcstirms-

110 2584 185 2641 sem,
200 2585 278 2644 quos
293 2565 390 2625 libros
405 2565 602 2644 reliquisset:
624 2567 746 2626 confido
767 2572 870 2626 tamen
892 2567 970 2626 haec
990 2586 1111 2644 quoque

109 2671 169 2731 tibi
189 2689 251 2730 non
273 2671 377 2732 minus
399 2674 489 2749 grata
509 2691 603 2749 qnam
623 2671 709 2749 ipsos
730 2671 826 2733 libros
847 2672 964 2746 futura,
980 2690 1060 2748 quae
1081 2677 1112 2730 te

109 2795 172 2836 non
186 2782 311 2836 tantum
324 2777 365 2837 ad
384 2777 532 2853 legendos
554 2796 606 2838 eos
627 2796 736 2836 verum
757 2777 852 2836 etiam
873 2778 913 2836 ad
935 2776 1038 2835 simile
1060 2776 1114 2835 ali-

109 2881 187 2959 quid
202 2881 425 2942 elaborandum
439 2888 571 2960 possunt
585 2882 802 2943 aemulationis
818 2881 955 2942 stimulis
966 2881 1110 2940 excitare.
1133 2895 1161 2940 aa

108 2986 196 3048 Vale.

527 3099 581 3161 ³2.
612 3097 696 3179 (VI.)

285 3243 317 3295 C.
341 3244 485 3295 PLINIUS
508 3243 622 3294 ANNIO
647 3245 790 3295 SEVERO
816 3244 884 3296 SUO
908 3243 936 3295 S.

58 3368 65 3394 ²
469 3376 496 3427 A
508 3378 605 3428 bronze
617 3384 748 3429 araturae.

74 3531 88 3577 1
146 3518 198 3577 Ex
211 3517 389 3581 hereditate
410 3540 492 3602 quae
514 3520 601 3584 mibi
621 3521 759 3586 obvenit
777 3519 846 3582 emi
861 3515 1019 3597 proxime
1035 3508 1153 3568 Qirm-

94 3619 195 3679 ΗΜ
208 3623 349 3706 signum,
366 3631 541 3697 modicum
555 3634 701 3719 quidem
711 3632 779 3697 sed
796 3625 973 3690 sesamum
991 3622 1031 3673 ab
1050 3614 1190 3676 ‘eff—nm·
1241 3634 1244 3645 ·
