2512 3870
440 201 702 251 arrsruusnuu
728 202 762 253 11.
785 203 806 252 1.
1085 181 1124 243 21

122 371 219 431 etiarn
234 371 303 430 foro
318 377 350 430 et
363 373 472 431 rostris
487 378 534 432 a
507 373 662 432 ulei
607 378 670 431 un
714 373 874 433 Laudatus
896 380 944 433 est
965 392 983 432 a
1000 372 1126 433 consule

123 477 269 536 Cornelio
284 477 407 535 Tae-ito:
431 496 502 536 uam
518 478 568 538 hio
585 497 747 555 supremus
766 478 868 538 felicit
856 478 913 538 tati
936 478 1003 537 eius
1025 497 1127 536 cumu-

87 594 101 640 ἰ
123 582 172 642 lus
197 582 338 656 accessit,
360 581 504 641 laudator
532 583 815 660 eloquentissimus.
859 585 901 642 Et
923 583 977 642 ille
999 584 1126 660 quidem

123 687 235 764 plenus
264 687 354 747 annis
383 687 470 762 abiit,
493 687 605 764 plenus
634 689 812 762 honoribus,
835 688 899 747 illis
928 688 1024 747 etiarn
1049 708 1126 765 quos

123 792 295 852 recusavit:
322 793 412 852 nobis
433 798 538 852 tamen
560 794 754 870 quaerendus
776 813 811 853 ac
834 794 1056 855 desiderandus
1078 800 1161 853 ests

122 903 159 956 ut
179 897 340 975 exemplar
361 898 430 958 aevi
452 898 574 975 prioris,
590 898 668 956 mihi
683 918 756 957 vero
771 899 946 976 praecipue,
962 900 1021 977 qui
1036 899 1125 985 illum

123 1021 186 1061 non
200 1002 301 1063 solum
317 1002 440 1080 publice
450 1009 601 1080 quantum
617 1004 793 1063 admirabar
804 1010 928 1064 tantum
940 988 1125 1079 diligebam,
1139 1008 1142 1013 '

87 1122 103 1168 8
123 1107 258 1185 primum
281 1107 364 1185 quod
392 1108 516 1185 utrique
541 1109 648 1169 eadem
672 1109 765 1184 regin,
788 1108 960 1186 municipia
980 1108 1125 1183 finitima,

123 1213 191 1289 agri
219 1213 315 1274 ctiam
342 1213 616 1291 possessionesque
632 1214 837 1291 coniunctae,
860 1220 1021 1291 praeterea
1043 1215 1126 1291 quod

123 1318 178 1377 ille
192 1318 270 1377 mihi
288 1324 373 1378 tutor
388 1318 516 1378 relictus
539 1319 696 1379 adfectum
718 1321 858 1396 parentis
880 1319 1031 1379 exhibuit.
1076 1320 1127 1379 Sic
1148 1336 1176 1381 10

123 1406 324 1483 candidatum
348 1441 396 1482 me
419 1424 568 1499 suffragio
590 1425 721 1497 ornavit,
739 1425 783 1483 sic
805 1425 845 1483 ιιι]
866 1443 972 1484 omnes
995 1424 1126 1484 honores

123 1547 208 1589 meos
222 1547 262 1588 ex
276 1529 449 1589 secessibus
469 1530 651 1604 accucurrit,
667 1548 736 1588 oum
752 1530 813 1588 iam
830 1530 951 1606 pridem
973 1530 1127 1589 eiusmodi

124 1633 232 1694 officiis
260 1634 481 1708 renuntiasset,
504 1634 548 1693 si'o
577 1634 633 1693 illo
661 1635 711 1692 die
733 1653 794 1710 quo
823 1635 996 1693 sacerdotes
1025 1635 1127 1694 solent

123 1739 285 1798 nominare
302 1758 379 1816 quos
401 1739 602 1815 dignissimos
624 1726 797 1798 sacerrlotio
819 1739 960 1798 iudicant
981 1758 1030 1797 me
1052 1757 1128 1798 sem·

87 1859 104 1904 9
123 1863 180 1922 per
193 1844 382 1904 nominabat.
427 1845 508 1916 Quin
531 1851 562 1904 et
564 1845 625 1903 iam
642 1845 674 1902 in
689 1845 746 1902 hac
761 1844 933 1904 novissima
946 1844 1031 1902 valet
1033 1844 1127 1913 udine
1148 1857 1176 1903 15

125 1949 304 2010 veritusne
326 1950 478 2010 fortet
430 1969 464 2008 m
465 1956 513 2009 ter
534 1949 757 2027 quinqueviros
778 1954 944 2023 crearetur,
960 1949 1014 2026 qui
1030 1924 1149 2007 miiiu-

76 2055 216 2114 endis
230 2055 365 2132 publicis
381 2055 559 2131 sumptibus
574 2055 691 2113 iudicio
706 2060 832 2114 senatus
847 2073 921 2113 cons
922 2054 1126 2129 tituebautur,

123 2178 196 2221 oum
223 2160 273 2219 illi
293 2165 342 2219 tot
362 2160 454 2220 amici
477 2178 565 2219 senes
587 2159 826 2236 consularesque
849 2165 1056 2236 superessent,
1079 2178 1127 2218 me

124 2264 219 2325 huius
247 2265 360 2325 aetatis
389 2284 444 2342 per
468 2283 559 2342 quem
581 2270 781 2324 excusaretur
802 2264 906 2340 elegit,
929 2264 978 2325 his
1001 2265 1127 2341 quidem

74 2383 104 2428 ιο
124 2363 229 2430 v'erbis
245 2370 358 2430 ‘etiam
373 2370 399 2430 si
414 2370 515 2428 filium
530 2369 685 2443 haberem,
701 2369 760 2428 tibi
774 2370 974 2428 mandarem’
1009 2370 1128 2439 Quibus
1148 2379 1178 2424 ιο

125 2495 164 2534 ex
178 2475 281 2535 causis
296 2493 421 2536 neeesse
441 2481 489 2534 est
504 2480 664 2551 tamquam
686 2474 885 2533 immaturam
907 2479 1039 2533 mortem
1061 2474 1127 2533 eius

125 2581 160 2639 in
174 2581 246 2641 sinu
259 2585 315 2640 tuo
329 2579 477 2655 defleam
493 2579 521 2638 si
535 2585 640 2639 tamen
656 2579 705 2638 fas
720 2584 769 2638 est
783 2584 837 2638 aut
851 2578 924 2638 flere
937 2585 991 2638 aut
1003 2579 1129 2637 omnino

126 2692 257 2746 mortem
281 2703 401 2761 vocare,
424 2704 486 2763 qua
513 2685 596 2744 tanti
617 2684 679 2743 viri
706 2685 882 2744 mortalitas
910 2685 1010 2759 magis
1038 2684 1130 2744 finita

76 2811 104 2856 11
126 2810 220 2868 quam
235 2792 302 2851 vita
316 2797 373 2852 est.
415 2791 506 2851 Vivit
520 2790 603 2850 enirn
618 2790 766 2866 vivetque
782 2807 904 2866 semper
919 2797 1012 2866 atque
1034 2789 1128 2848 etiam

126 2896 223 2956 latius
238 2897 272 2955 in
286 2896 436 2956 memoria
455 2895 618 2955 hominum
640 2901 671 2954 et
693 2913 833 2954 sermone
848 2895 1032 2967 versabitur,
1048 2901 1130 2971 post
1150 2909 1179 2954 25

75 3014 106 3060 12
126 3021 221 3080 quam
236 3001 275 3061 ab
289 3002 387 3062 oculis
402 3002 539 3062 recessit.
583 3000 678 3062 Volui
699 3000 758 3059 tibi
780 3000 880 3059 multa
902 2999 965 3058 alia
986 3000 1128 3074 scribere,

127 3107 245 3167 sedt
197 3112 245 3167 tot
247 3126 283 3167 ns
297 3107 420 3198 animus
435 3107 467 3165 in
483 3106 541 3166 hac
560 3126 624 3164 una
645 3104 908 3181 contemplatione
930 3105 1120 3164 defixust
1073 3110 1128 3164 est.

127 3211 313 3288 Verginium
327 3212 442 3315 cogito
454 3211 639 3291 Verginium
654 3211 754 3285 video,
766 3210 973 3284 Verginium
966 3229 1027 3268 ram
1040 3210 1130 3269 vanis

128 3317 327 3394 imaginibus,
353 3257 571 3389 retennlus
558 3322 672 3389 tamen,
701 3316 803 3389 audio,
833 3314 993 3391 alloquor,
1023 3321 1129 3389 teneo;

128 3441 179 3482 cur
169 3422 369 3482 '‘fortasse
344 3441 427 3482 cives
442 3421 563 3498 aliquos
579 3420 677 3479 virtut
628 3420 749 3481 tutibus
764 3437 854 3497 pares
876 3424 908 3477 et
929 3419 1078 3479 habemus
1100 3424 1132 3476 et
1152 3433 1181 3476 so

126 3527 318 3601 habebimus,
332 3527 435 3604 gloria
449 3527 620 3591 neminem.
662 3527 758 3593 Vale.
