2512 3870
411 196 672 246 uris'rumuuu
696 197 745 248 vr.
767 197 808 248 10.
1072 188 1106 252 81

108 369 222 444 ambi0,
237 388 294 444 ego
315 369 491 447 periclitor:
521 370 554 428 in
576 390 705 446 summa,
726 371 753 430 si
775 372 867 430 datur
887 371 1008 431 Nasoni
1030 372 1113 448 quod

109 474 198 551 petit,
213 474 301 535 illius
316 475 430 550 honor;
454 475 481 534 si
495 481 636 552 negatur,
653 495 722 536 mea
736 476 861 553 repulsa
875 482 932 535 cst.
974 476 1060 537 Vale.

528 708 581 769 6⁷.
611 707 697 788 (IX.)
1003 670 1128 909 J

360 865 390 918 C.
416 866 560 917 PLINIUS
582 867 716 918 TACITO
739 867 807 918 SUO
831 868 856 918 S.

244 1014 353 1064 Tacitus
364 1015 413 1065 hos
426 1015 523 1078 beoqed
535 1016 617 1078 Pliny
629 1022 656 1066 to
668 1022 779 1078 support
791 1016 886 1066 Julius
898 1015 982 1068 Naso.

74 1164 88 1209 1
149 1159 356 1220 Commendas
380 1159 460 1219 mihi
480 1161 598 1219 Iulium
619 1162 779 1221 Nasonem
798 1162 1008 1221 candidatum.
1051 1162 1113 1221 Na-

110 1283 216 1324 sonem
230 1265 337 1324 mihi?
359 1265 436 1342 quid
451 1266 477 1326 si
492 1266 683 1343 meipsum?
727 1267 805 1325 Fero
817 1272 922 1326 tamen
934 1272 965 1326 et
976 1268 1110 1342 ignosco.

108 1371 253 1430 Eundem
267 1371 351 1430 enim
365 1372 630 1431 commendassem
652 1372 720 1446 tibi,
736 1372 763 1432 si
785 1378 816 1431 te
837 1373 954 1432 Romae
972 1378 1112 1432 morante
1132 1385 1147 1430 5

109 1475 177 1552 ipse
191 1476 351 1535 afuissem.
393 1476 501 1535 Habet
515 1476 573 1535 hoc
591 1477 779 1551 sollicitudo,
796 1478 879 1554 quod
894 1478 998 1537 omnia
1011 1496 1113 1537 neces·
1147 1528 1151 1534 .

73 1588 89 1632 2
109 1580 193 1640 saria
213 1587 313 1658 putat.
356 1583 405 1640 Tu
418 1587 534 1657 tamen,
549 1599 668 1656 censeo,
684 1581 763 1641 aiios
781 1601 886 1658 roges3
909 1600 966 1659 ego
987 1600 1113 1660 precum

109 1692 234 1745 tuarum
249 1686 395 1747 minister
409 1686 533 1746 adiutor
548 1687 705 1764 particeps
720 1705 780 1746 erc.
823 1687 910 1748 Vale.

535 1939 588 2001 os
617 1937 685 2017 (x.)

359 2095 389 2147 C.
415 2096 559 2147 PLINIUS
581 2096 719 2147 ALBINO
743 2096 810 2147 SUO
835 2097 861 2148 S.

176 2241 283 2304 Pliuy's
294 2243 502 2294 mother-induco
514 2257 587 2293 orons
599 2258 616 2294 c
627 2244 693 2294 cillo
705 2244 790 2294 actico
803 2257 866 2294 onoc
882 2234 1009 2308 belonged
1020 2251 1047 2296 to

488 2334 631 2398 Verginius
642 2335 741 2397 Rosos.

75 2489 89 2534 1
150 2479 228 2540 Cum
249 2479 406 2540 venissem
428 2479 461 2538 in
480 2499 585 2540 socrus
605 2499 691 2540 meae
707 2481 815 2541 villam
831 2481 1017 2557 Alsiensem,
1033 2501 1112 2560 quae

109 2583 279 2662 aliquando
293 2584 367 2643 Rufi
382 2585 512 2661 Vergini
528 2586 599 2660 fuit,
614 2585 682 2663 ipse
697 2586 776 2644 mihi
796 2586 882 2647 locus
897 2587 1008 2665 optimi
1026 2587 1113 2647 illius
1132 2596 1160 2640 10

109 2695 142 2748 et
165 2690 296 2749 maximi
319 2689 382 2749 viri
406 2690 595 2750 desiderium
624 2711 685 2750 non
714 2691 781 2751 sine
810 2691 915 2751 dolore
939 2693 1111 2752 renovavit.

109 2795 203 2854 Hunc
221 2795 304 2854 enim
322 2794 423 2854 colere
442 2814 595 2855 secessmn
615 2803 708 2872 atque
730 2797 825 2856 etiam
848 2797 1017 2857 senectutis
1039 2817 1112 2857 sune

74 2911 89 2955 2
109 2900 253 2959 nidulum
281 2919 390 2960 vocare
412 2907 628 2961 consueverat.
672 2902 871 2979 Quocumque
896 2920 945 2960 me
968 2903 1113 2962 contulis-

110 3023 184 3078 sem,
196 3005 287 3064 illum
302 3005 433 3080 animus,
445 3005 537 3066 illum
548 3006 628 3065 oculi
644 3007 851 3083 requirebant.
896 3007 1004 3066 Libuit
1018 3008 1112 3067 etiam

74 3129 90 3174 3
109 3111 335 3169 monimentum
350 3111 417 3171 eius
432 3111 548 3185 videre,
564 3117 596 3170 et
611 3097 727 3172 vidisse
744 3113 910 3190 paenituit.
951 3114 1010 3171 Est
1029 3112 1112 3171 enim
1133 3118 1160 3162 15

109 3216 211 3275 adhuc
225 3215 444 3293 inperfectum,
459 3236 515 3276 nec
530 3217 696 3278 difficultas
712 3219 813 3295 operis
834 3218 866 3276 in
881 3237 982 3292 causa,
997 3218 1112 3278 modici

109 3339 144 3381 ac
165 3321 271 3398 potius
293 3321 407 3397 exigui,
428 3323 482 3382 sed
504 3323 619 3382 inertia
640 3324 705 3384 eius
727 3324 777 3383 cui
797 3343 869 3383 cura
887 3325 1036 3383 mundata
1054 3329 1110 3384 est.

110 3426 202 3486 Subit
223 3426 398 3502 indignatio
420 3446 489 3486 cum
510 3428 719 3505 miseratione,
734 3434 806 3507 post
827 3428 984 3487 decimum
1002 3428 1116 3486 inertis

105 3550 219 3589 anuum
242 3531 393 3610 reliquias
414 3534 665 3618 neglectumque
688 3537 834 3600 cinerem
852 3534 928 3596 sune
942 3527 1150 3599 <summme

87 3633 217 3692 nomine
230 3635 343 3713 iacere,
361 3642 459 3708 cuius
476 3648 642 3711 memoria
655 3649 778 3712 ornem
788 3652 965 3708 terrarum
981 3628 1097 3707 ger-'xa
1106 3636 1185 3694 Ψ·
1195 3612 1237 3655 Ὦ
