2512 3870
388 697 531 762 LIBER
563 697 822 763 SECUNDUS.

533 939 585 1000 111
615 937 668 1016 (1.)

533 1004 587 1026 fl·

341 1097 371 1148 c.
396 1096 542 1147 rnrnrus
565 1066 720 1147 1101111110
743 1096 811 1147 suo
836 1097 862 1148 s.

396 1245 484 1295 Deott
503 1244 535 1307 of
552 1242 695 1306 Verginius
713 1245 809 1307 Rufus.

144 1362 221 1475 Post
248 1391 369 1467 aliquot
396 1409 493 1450 annos
521 1390 644 1477 insigne
673 1396 765 1468 atque
787 1390 883 1450 etiarn
904 1390 1103 1449 memorabile
1125 1403 1138 1448 1

105 1496 213 1574 populi
241 1495 375 1559 Romani
404 1495 502 1556 oculis
531 1495 744 1572 spectaculum
773 1496 916 1554 exhibuit
944 1495 1102 1572 publicum

104 1602 200 1660 funus
222 1599 351 1675 Vergini
372 1601 455 1675 Rufi,
472 1600 602 1660 maximi
624 1606 655 1659 et
676 1601 842 1699 clarissimi
864 1601 951 1675 civis,
974 1600 1103 1684 perinde

105 1706 215 1783 felicis
258 1705 403 1780 Triginta
430 1706 520 1765 amris
549 1706 666 1781 gloriae
691 1691 767 1790 suae
787 1705 968 1783 supervixit.
948 1674 1138 1780 ffnegitr

69 1820 84 1863 δ
105 1812 258 1915 scripta
241 1811 278 1869 de
287 1829 329 1905 se
335 1810 560 1974 0012111111,ἲίὶ
500 1811 588 1909 legit
609 1810 757 1887 historias
779 1816 810 1870 et
831 1811 1009 1888 posteritati
1031 1829 1104 1870 suae

56 1873 91 1929 ⁴¹¹
87 1890 258 1975 interfuit
287 1893 398 1973 Perfu
422 1921 491 1974 otus
513 1921 560 1975 est
569 1898 650 1977 t'ert'
641 1934 674 1974 10
696 1917 837 1976 consulat
824 1922 868 1990 tu,
889 1921 925 1975 ut
949 1935 1103 1976 summum

105 2021 177 2080 fast
156 2021 268 2096 trgium
282 2020 399 2098 privati
414 2019 550 2080 hominis
566 2021 719 2098 impleret,
736 2040 806 2080 cum
821 2021 973 2098 principis
990 2020 1105 2080 noluis-

105 2133 160 2186 set.
217 2127 364 2186 Caesares
393 2125 506 2201 quibus
535 2132 697 2202 suspectus
727 2131 821 2203 atque
853 2126 947 2185 etiam
982 2125 1140 2185 invisus3

39 2212 45 2232 ’
104 2230 275 2289 virtutibus
310 2230 414 2289 fuerat
445 2230 553 2305 evasit,
582 2230 710 2308 reliquit
738 2231 923 2290 incolumem
951 2231 1104 2309 optimum

56 2345 85 2391 10
105 2341 199 2413 atque
220 2336 453 2412 amicissimum,
475 2342 632 2414 tamquam
664 2337 704 2396 ad
726 2337 810 2395 huno
831 2337 934 2413 ipsum
956 2336 1104 2395 honorem

104 2440 222 2518 publici
250 2441 371 2502 funeris
398 2447 583 2504 reservatus.
626 2443 754 2503 Annum
780 2443 910 2504 tertium
934 2446 967 2502 et
991 2447 1142 2517 octoge-4

106 2546 219 2605 simum
241 2544 375 2603 excessit
397 2544 430 2602 in
455 2544 610 2604 altissima
630 2544 870 2621 tranquillitate,
892 2543 961 2621 pari
982 2562 1105 2602 venera
1172 2578 1175 2586 ·

104 2651 198 2709 tione.
242 2652 328 2710 Usus
350 2655 397 2710 est
416 2650 506 2709 firma
520 2650 709 2724 valetudine,
725 2649 787 2710 nisi
808 2650 892 2727 quod
913 2648 1054 2709 solebant
1075 2649 1105 2708 ei

105 2775 215 2815 manus
243 2760 384 2829 tremere,
410 2755 489 2815 citra
516 2755 653 2814 dolorem
681 2760 794 2814 temen.
837 2754 953 2813 Aditus
980 2759 1105 2813 tantum

57 2873 85 2919 15
105 2861 215 2919 mortis
237 2861 343 2919 durior
359 2862 549 2938 longiorque,
566 2861 621 2920 sed
641 2860 694 2919 hio
714 2860 782 2938 ipse
803 2859 979 2920 laudabilis.
1022 2860 1144 2920 Nam't

106 2984 176 3024 cum
204 2985 308 3025 vocem
338 2971 536 3044 praepararet
564 2971 690 3025 acturus
718 2965 751 3024 in
779 2965 943 3025 consulatu
970 2964 1107 3042 principi
1153 3003 1158 3011 ·

106 3070 232 3147 gratiae,
255 3070 333 3131 liber
354 3090 446 3149 quem
470 3073 552 3130 forte
581 3076 742 3148 acceperat
770 3071 965 3147 grandiorem
987 3075 1018 3128 et
1039 3069 1107 3128 seni
1163 3046 1184 3069 '⁵'

105 3180 139 3234 et
153 3175 252 3236 stanti
267 3176 335 3253 ipso
350 3178 485 3253 pondere
504 3177 629 3254 elapsus
651 3183 707 3237 est.
752 3178 846 3235 Hunc
868 3177 941 3235 dum
964 3174 1108 3252 sequitur

106 3280 297 3358 colligitque,
319 3301 374 3358 per
402 3282 470 3341 leve
498 3288 530 3341 et
557 3282 712 3342 lubricum
740 3282 953 3360 pavimentum
974 3279 1107 3338 fallente

56 3401 87 3447 ao
105 3385 239 3461 vestigio
260 3386 374 3446 cecidit
395 3406 563 3465 coxamque
580 3388 685 3463 fregit,
700 3405 779 3464 quae
794 3406 903 3465 parurn
925 3392 997 3463 apte
1018 3385 1109 3444 collo-

86 3493 161 3545 cata
182 3490 366 3552 reluctante
389 3499 495 3555 aetate
517 3494 601 3555 male
623 3480 715 3555 coiit.⁴
747 3492 858 3552 liuius
874 3491 941 3549 riri
958 3490 1109 3566 exequiae
1129 3506 1149 3551 0

60 3598 224 3664 111³ng
239 3607 479 3671 ornamentum
494 3603 654 3691 principi,
664 3619 823 3679 maguum
835 3595 1139 3668 saeomo,magnum
