<?xml version="1.0" encoding="UTF-8"?>
<!DOCTYPE html PUBLIC "-//W3C//DTD XHTML 1.0 Transitional//EN"
    "http://www.w3.org/TR/xhtml1/DTD/xhtml1-transitional.dtd">
<html xmlns="http://www.w3.org/1999/xhtml" xml:lang="en" lang="en">
 <head>
  <title>
</title>
<meta http-equiv="Content-Type" content="text/html;charset=utf-8" />
  <meta name='ocr-system' content='tesseract 3.04.00' />
  <meta name='ocr-capabilities' content='ocr_page ocr_carea ocr_par ocr_line ocrx_word'/>
</head>
<body>
  <div class='ocr_page' id='page_1' title='image "./cplinisecundiep01plingoog_0129.png"; bbox 0 0 2512 3870; ppageno 0'>
   <div class='ocr_carea' id='block_1_1' title="bbox 167 153 742 239">
    <p class='ocr_par' dir='ltr' id='par_1_1' title="bbox 167 153 742 239">
     <span class='ocr_line' id='line_1_1' title="bbox 167 153 742 239; baseline -0.005 -27"><span class='ocrx_word' id='word_1_1' title='bbox 167 153 208 214; x_wconf 79' lang='lat'>90</span> <span class='ocrx_word' id='word_1_2' title='bbox 325 234 328 239; x_wconf 18' lang='lat'>³</span> <span class='ocrx_word' id='word_1_3' title='bbox 590 161 621 211; x_wconf 90' lang='lat' dir='ltr'>c.</span> <span class='ocrx_word' id='word_1_4' title='bbox 644 161 742 210; x_wconf 79' lang='lat' dir='ltr'>mnu</span> 
     </span>
    </p>
   </div>
   <div class='ocr_carea' id='block_1_2' title="bbox 67 329 1247 3682">
    <p class='ocr_par' dir='ltr' id='par_1_2' title="bbox 67 329 1247 3682">
     <span class='ocr_line' id='line_1_2' title="bbox 167 329 1232 410; baseline -0.002 -18"><span class='ocrx_word' id='word_1_5' title='bbox 167 341 215 394; x_wconf 88' lang='lat' dir='ltr'>est</span> <span class='ocrx_word' id='word_1_6' title='bbox 230 340 348 393; x_wconf 89' lang='lat' dir='ltr'>certare</span> <span class='ocrx_word' id='word_1_7' title='bbox 363 351 492 393; x_wconf 90' lang='lat' dir='ltr'>mecum.</span> <span class='ocrx_word' id='word_1_8' title='bbox 535 334 594 393; x_wconf 88' lang='lat' dir='ltr'>Est</span> <span class='ocrx_word' id='word_1_9' title='bbox 610 333 686 392; x_wconf 89' lang='lat' dir='ltr'>haec</span> <span class='ocrx_word' id='word_1_10' title='bbox 702 351 758 410; x_wconf 90' lang='lat' dir='ltr'>pro</span> <span class='ocrx_word' id='word_1_11' title='bbox 772 331 864 392; x_wconf 81' lang='lat' dir='ltr'>Attia</span> <span class='ocrx_word' id='word_1_12' title='bbox 877 331 1007 407; x_wconf 81' lang='lat' dir='ltr'>Viriola,</span> <span class='ocrx_word' id='word_1_13' title='bbox 1023 336 1056 391; x_wconf 92' lang='lat' dir='ltr'>et</span> <span class='ocrx_word' id='word_1_14' title='bbox 1069 331 1172 408; x_wconf 91' lang='lat' dir='ltr'>digni·</span> <span class='ocrx_word' id='word_1_15' title='bbox 1190 335 1204 380; x_wconf 82' lang='lat'>2</span> <span class='ocrx_word' id='word_1_16' title='bbox 1224 329 1232 342; x_wconf 90' lang='grc'><em>“</em></span> 
     </span>
     <span class='ocr_line' id='line_1_3' title="bbox 167 437 1171 516; baseline -0.003 -17"><span class='ocrx_word' id='word_1_17' title='bbox 167 445 232 499; x_wconf 89' lang='lat' dir='ltr'>tate</span> <span class='ocrx_word' id='word_1_18' title='bbox 247 458 397 516; x_wconf 80' lang='lat' dir='ltr'>personae</span> <span class='ocrx_word' id='word_1_19' title='bbox 412 444 443 498; x_wconf 90' lang='lat' dir='ltr'>et</span> <span class='ocrx_word' id='word_1_20' title='bbox 458 439 593 516; x_wconf 90' lang='lat' dir='ltr'>exempli</span> <span class='ocrx_word' id='word_1_21' title='bbox 615 439 746 498; x_wconf 86' lang='lat' dir='ltr'>raritate</span> <span class='ocrx_word' id='word_1_22' title='bbox 767 443 799 497; x_wconf 92' lang='lat' dir='ltr'>et</span> <span class='ocrx_word' id='word_1_23' title='bbox 819 437 929 497; x_wconf 90' lang='lat' dir='ltr'>iudicii</span> <span class='ocrx_word' id='word_1_24' title='bbox 950 437 1171 514; x_wconf 81' lang='lat' dir='ltr'>magnitudine</span> 
     </span>
     <span class='ocr_line' id='line_1_4' title="bbox 167 543 1171 621; baseline 0 -19"><span class='ocrx_word' id='word_1_25' title='bbox 167 544 309 619; x_wconf 81' lang='lat' dir='ltr'>insignis</span> <span class='ocrx_word' id='word_1_26' title='bbox 352 545 434 603; x_wconf 77' lang='lat' dir='ltr'>Nam</span> <span class='ocrx_word' id='word_1_27' title='bbox 457 544 578 603; x_wconf 84' lang='lat' dir='ltr'>femina</span> <span class='ocrx_word' id='word_1_28' title='bbox 596 544 760 621; x_wconf 87' lang='lat' dir='ltr'>splendide</span> <span class='ocrx_word' id='word_1_29' title='bbox 784 549 867 618; x_wconf 88' lang='lat' dir='ltr'>nata,</span> <span class='ocrx_word' id='word_1_30' title='bbox 889 549 989 621; x_wconf 89' lang='lat' dir='ltr'>nupta</span> <span class='ocrx_word' id='word_1_31' title='bbox 1012 543 1171 620; x_wconf 88' lang='lat' dir='ltr'>praetorio</span> 
     </span>
     <span class='ocr_line' id='line_1_5' title="bbox 167 648 1170 726; baseline 0.001 -19"><span class='ocrx_word' id='word_1_32' title='bbox 167 649 243 724; x_wconf 88' lang='lat' dir='ltr'>viro,</span> <span class='ocrx_word' id='word_1_33' title='bbox 260 649 450 708; x_wconf 88' lang='lat' dir='ltr'>exheredata</span> <span class='ocrx_word' id='word_1_34' title='bbox 464 649 503 708; x_wconf 88' lang='lat' dir='ltr'>ab</span> <span class='ocrx_word' id='word_1_35' title='bbox 517 649 715 725; x_wconf 87' lang='lat' dir='ltr'>octogenario</span> <span class='ocrx_word' id='word_1_36' title='bbox 730 655 819 726; x_wconf 91' lang='lat' dir='ltr'>patre</span> <span class='ocrx_word' id='word_1_37' title='bbox 836 649 921 708; x_wconf 91' lang='lat' dir='ltr'>intra</span> <span class='ocrx_word' id='word_1_38' title='bbox 938 648 1086 708; x_wconf 80' lang='lat' dir='ltr'>undecim</span> <span class='ocrx_word' id='word_1_39' title='bbox 1102 648 1170 708; x_wconf 91' lang='lat' dir='ltr'>dies</span> 
     </span>
     <span class='ocr_line' id='line_1_6' title="bbox 132 754 1171 832; baseline 0 -20"><span class='ocrx_word' id='word_1_40' title='bbox 132 769 147 812; x_wconf 81' lang='lat'>5</span> <span class='ocrx_word' id='word_1_41' title='bbox 167 774 260 832; x_wconf 90' lang='lat' dir='ltr'>quam</span> <span class='ocrx_word' id='word_1_42' title='bbox 276 754 324 812; x_wconf 94' lang='lat' dir='ltr'>illi</span> <span class='ocrx_word' id='word_1_43' title='bbox 340 772 503 813; x_wconf 88' lang='lat' dir='ltr'>novercam</span> <span class='ocrx_word' id='word_1_44' title='bbox 523 773 626 813; x_wconf 88' lang='lat' dir='ltr'>amore</span> <span class='ocrx_word' id='word_1_45' title='bbox 647 761 758 831; x_wconf 88' lang='lat' dir='ltr'>captus</span> <span class='ocrx_word' id='word_1_46' title='bbox 778 754 955 830; x_wconf 83' lang='lat' dir='ltr'>induxerat,</span> <span class='ocrx_word' id='word_1_47' title='bbox 970 754 1171 831; x_wconf 84' lang='lat' dir='ltr'>quadruplici</span> 
     </span>
     <span class='ocr_line' id='line_1_7' title="bbox 168 859 1202 936; baseline 0.001 -19"><span class='ocrx_word' id='word_1_48' title='bbox 168 859 284 918; x_wconf 88' lang='lat' dir='ltr'>iudicio</span> <span class='ocrx_word' id='word_1_49' title='bbox 298 860 380 918; x_wconf 89' lang='lat' dir='ltr'>bona</span> <span class='ocrx_word' id='word_1_50' title='bbox 390 866 520 935; x_wconf 86' lang='lat' dir='ltr'>paterna</span> <span class='ocrx_word' id='word_1_51' title='bbox 531 859 699 936; x_wconf 88' lang='lat' dir='ltr'>repetebat.</span> <span class='ocrx_word' id='word_1_52' title='bbox 743 859 900 918; x_wconf 84' lang='lat' dir='ltr'>Sedebant</span> <span class='ocrx_word' id='word_1_53' title='bbox 909 865 1036 918; x_wconf 90' lang='lat' dir='ltr'>centum</span> <span class='ocrx_word' id='word_1_54' title='bbox 1047 865 1080 918; x_wconf 93' lang='lat' dir='ltr'>et</span> <span class='ocrx_word' id='word_1_55' title='bbox 1091 865 1170 918; x_wconf 84' lang='lat' dir='ltr'>octo</span> <span class='ocrx_word' id='word_1_56' title='bbox 1188 866 1202 911; x_wconf 84' lang='grc'><strong>3</strong></span> 
     </span>
     <span class='ocr_line' id='line_1_8' title="bbox 167 964 1171 1041; baseline 0 -18"><span class='ocrx_word' id='word_1_57' title='bbox 167 965 255 1040; x_wconf 85' lang='lat' dir='ltr'>ginta</span> <span class='ocrx_word' id='word_1_58' title='bbox 270 964 405 1039; x_wconf 84' lang='lat' dir='ltr'>iudices3</span> <span class='ocrx_word' id='word_1_59' title='bbox 429 970 476 1022; x_wconf 92' lang='lat' dir='ltr'>tot</span> <span class='ocrx_word' id='word_1_60' title='bbox 491 964 574 1022; x_wconf 90' lang='lat' dir='ltr'>enim</span> <span class='ocrx_word' id='word_1_61' title='bbox 586 971 733 1040; x_wconf 89' lang='lat' dir='ltr'>quattuor</span> <span class='ocrx_word' id='word_1_62' title='bbox 744 964 885 1024; x_wconf 89' lang='lat' dir='ltr'>consiliis</span> <span class='ocrx_word' id='word_1_63' title='bbox 896 964 1103 1041; x_wconf 90' lang='lat' dir='ltr'>colliguntur:</span> <span class='ocrx_word' id='word_1_64' title='bbox 1126 965 1171 1023; x_wconf 91' lang='lat' dir='ltr'>in-</span> 
     </span>
     <span class='ocr_line' id='line_1_9' title="bbox 167 1069 1170 1146; baseline 0.001 -18"><span class='ocrx_word' id='word_1_65' title='bbox 167 1089 243 1146; x_wconf 88' lang='lat' dir='ltr'>gens</span> <span class='ocrx_word' id='word_1_66' title='bbox 257 1069 415 1145; x_wconf 86' lang='lat' dir='ltr'>utrimque</span> <span class='ocrx_word' id='word_1_67' title='bbox 430 1069 593 1128; x_wconf 90' lang='lat' dir='ltr'>advocatio</span> <span class='ocrx_word' id='word_1_68' title='bbox 607 1075 639 1128; x_wconf 91' lang='lat' dir='ltr'>ct</span> <span class='ocrx_word' id='word_1_69' title='bbox 653 1088 817 1129; x_wconf 87' lang='lat' dir='ltr'>numerosa</span> <span class='ocrx_word' id='word_1_70' title='bbox 834 1069 992 1144; x_wconf 87' lang='lat' dir='ltr'>subsellia,</span> <span class='ocrx_word' id='word_1_71' title='bbox 1007 1074 1170 1146; x_wconf 86' lang='lat' dir='ltr'>praeterea</span> 
     </span>
     <span class='ocr_line' id='line_1_10' title="bbox 167 1174 1169 1235; baseline 0.001 -3"><span class='ocrx_word' id='word_1_72' title='bbox 167 1175 265 1234; x_wconf 89' lang='lat' dir='ltr'>densa</span> <span class='ocrx_word' id='word_1_73' title='bbox 279 1174 550 1233; x_wconf 88' lang='lat' dir='ltr'>circumstantium</span> <span class='ocrx_word' id='word_1_74' title='bbox 566 1193 678 1234; x_wconf 88' lang='lat' dir='ltr'>corona</span> <span class='ocrx_word' id='word_1_75' title='bbox 692 1174 882 1234; x_wconf 90' lang='lat' dir='ltr'>latissimum</span> <span class='ocrx_word' id='word_1_76' title='bbox 896 1175 1050 1235; x_wconf 90' lang='lat' dir='ltr'>iudicium</span> <span class='ocrx_word' id='word_1_77' title='bbox 1067 1175 1169 1234; x_wconf 93' lang='lat' dir='ltr'>multi-</span> 
     </span>
     <span class='ocr_line' id='line_1_11' title="bbox 120 1279 1200 1358; baseline -0.001 -17"><span class='ocrx_word' id='word_1_78' title='bbox 120 1296 148 1341; x_wconf 93' lang='lat'>10</span> <span class='ocrx_word' id='word_1_79' title='bbox 168 1280 243 1356; x_wconf 88' lang='lat' dir='ltr'>plici</span> <span class='ocrx_word' id='word_1_80' title='bbox 257 1279 374 1338; x_wconf 88' lang='lat' dir='ltr'>circulo</span> <span class='ocrx_word' id='word_1_81' title='bbox 396 1280 541 1339; x_wconf 87' lang='lat' dir='ltr'>ambibat.</span> <span class='ocrx_word' id='word_1_82' title='bbox 587 1280 636 1339; x_wconf 91' lang='lat' dir='ltr'>Ad</span> <span class='ocrx_word' id='word_1_83' title='bbox 657 1280 715 1339; x_wconf 90' lang='lat' dir='ltr'>hoc</span> <span class='ocrx_word' id='word_1_84' title='bbox 737 1279 889 1358; x_wconf 90' lang='lat' dir='ltr'>stipatum</span> <span class='ocrx_word' id='word_1_85' title='bbox 910 1280 1058 1355; x_wconf 86' lang='lat' dir='ltr'>tribunal,</span> <span class='ocrx_word' id='word_1_86' title='bbox 1075 1286 1169 1357; x_wconf 87' lang='lat' dir='ltr'>atque</span> <span class='ocrx_word' id='word_1_87' title='bbox 1186 1296 1200 1340; x_wconf 86' lang='lat'>4</span> 
     </span>
     <span class='ocr_line' id='line_1_12' title="bbox 167 1385 1168 1463; baseline -0.001 -19"><span class='ocrx_word' id='word_1_88' title='bbox 167 1385 263 1444; x_wconf 89' lang='lat' dir='ltr'>etiam</span> <span class='ocrx_word' id='word_1_89' title='bbox 278 1403 316 1443; x_wconf 90' lang='lat' dir='ltr'>ex</span> <span class='ocrx_word' id='word_1_90' title='bbox 332 1385 489 1461; x_wconf 86' lang='lat' dir='ltr'>superiore</span> <span class='ocrx_word' id='word_1_91' title='bbox 505 1385 652 1444; x_wconf 86' lang='lat' dir='ltr'>basilicae</span> <span class='ocrx_word' id='word_1_92' title='bbox 674 1391 763 1463; x_wconf 90' lang='lat' dir='ltr'>parte</span> <span class='ocrx_word' id='word_1_93' title='bbox 784 1406 847 1462; x_wconf 93' lang='lat' dir='ltr'>qua</span> <span class='ocrx_word' id='word_1_94' title='bbox 867 1386 1003 1445; x_wconf 85' lang='lat' dir='ltr'>feminae</span> <span class='ocrx_word' id='word_1_95' title='bbox 1025 1405 1088 1462; x_wconf 92' lang='lat' dir='ltr'>qua</span> <span class='ocrx_word' id='word_1_96' title='bbox 1108 1385 1168 1444; x_wconf 85' lang='lat' dir='ltr'>viri</span> 
     </span>
     <span class='ocr_line' id='line_1_13' title="bbox 167 1489 1169 1567; baseline 0.001 -19"><span class='ocrx_word' id='word_1_97' title='bbox 167 1496 199 1548; x_wconf 90' lang='lat' dir='ltr'>et</span> <span class='ocrx_word' id='word_1_98' title='bbox 216 1490 374 1563; x_wconf 83' lang='lat' dir='ltr'>audiendi,</span> <span class='ocrx_word' id='word_1_99' title='bbox 389 1491 472 1566; x_wconf 90' lang='lat' dir='ltr'>quod</span> <span class='ocrx_word' id='word_1_100' title='bbox 494 1489 628 1565; x_wconf 87' lang='lat' dir='ltr'>difficile,</span> <span class='ocrx_word' id='word_1_101' title='bbox 644 1497 676 1550; x_wconf 93' lang='lat' dir='ltr'>et</span> <span class='ocrx_word' id='word_1_102' title='bbox 697 1492 779 1567; x_wconf 91' lang='lat' dir='ltr'>quod</span> <span class='ocrx_word' id='word_1_103' title='bbox 800 1491 904 1566; x_wconf 86' lang='lat' dir='ltr'>facile,</span> <span class='ocrx_word' id='word_1_104' title='bbox 919 1491 1042 1551; x_wconf 88' lang='lat' dir='ltr'>visendi</span> <span class='ocrx_word' id='word_1_105' title='bbox 1064 1490 1169 1551; x_wconf 91' lang='lat' dir='ltr'>studio</span> 
     </span>
     <span class='ocr_line' id='line_1_14' title="bbox 168 1596 1167 1674; baseline 0 -20"><span class='ocrx_word' id='word_1_106' title='bbox 168 1596 381 1655; x_wconf 86' lang='lat' dir='ltr'>imminebant.</span> <span class='ocrx_word' id='word_1_107' title='bbox 424 1597 541 1670; x_wconf 90' lang='lat' dir='ltr'>Magna</span> <span class='ocrx_word' id='word_1_108' title='bbox 551 1597 743 1673; x_wconf 88' lang='lat' dir='ltr'>exspectatio</span> <span class='ocrx_word' id='word_1_109' title='bbox 754 1603 888 1674; x_wconf 89' lang='lat' dir='ltr'>patrum,</span> <span class='ocrx_word' id='word_1_110' title='bbox 898 1615 1012 1672; x_wconf 89' lang='lat' dir='ltr'>magna</span> <span class='ocrx_word' id='word_1_111' title='bbox 1022 1596 1167 1671; x_wconf 90' lang='lat' dir='ltr'>filiarum,</span> 
     </span>
     <span class='ocr_line' id='line_1_15' title="bbox 167 1702 1166 1776; baseline 0.001 -16"><span class='ocrx_word' id='word_1_112' title='bbox 167 1721 281 1776; x_wconf 87' lang='lat' dir='ltr'>magna</span> <span class='ocrx_word' id='word_1_113' title='bbox 302 1702 396 1760; x_wconf 89' lang='lat' dir='ltr'>etiarn</span> <span class='ocrx_word' id='word_1_114' title='bbox 417 1720 628 1760; x_wconf 90' lang='lat' dir='ltr'>novercarum.</span> <span class='ocrx_word' id='word_1_115' title='bbox 672 1703 802 1762; x_wconf 84' lang='lat' dir='ltr'>Secutus</span> <span class='ocrx_word' id='word_1_116' title='bbox 825 1709 874 1762; x_wconf 90' lang='lat' dir='ltr'>est</span> <span class='ocrx_word' id='word_1_117' title='bbox 898 1702 1005 1762; x_wconf 88' lang='lat' dir='ltr'>varius</span> <span class='ocrx_word' id='word_1_118' title='bbox 1026 1708 1166 1762; x_wconf 88' lang='lat' dir='ltr'>eventus.</span> 
     </span>
     <span class='ocr_line' id='line_1_16' title="bbox 119 1805 1202 1882; baseline -0.003 -12"><span class='ocrx_word' id='word_1_119' title='bbox 119 1825 147 1870; x_wconf 83' lang='lat'>15</span> <span class='ocrx_word' id='word_1_120' title='bbox 167 1808 250 1866; x_wconf 88' lang='lat' dir='ltr'>Nam</span> <span class='ocrx_word' id='word_1_121' title='bbox 266 1807 386 1866; x_wconf 90' lang='lat' dir='ltr'>duobus</span> <span class='ocrx_word' id='word_1_122' title='bbox 401 1805 540 1865; x_wconf 92' lang='lat' dir='ltr'>consiliis</span> <span class='ocrx_word' id='word_1_123' title='bbox 558 1806 698 1882; x_wconf 90' lang='lat' dir='ltr'>vicimus,</span> <span class='ocrx_word' id='word_1_124' title='bbox 711 1807 842 1866; x_wconf 89' lang='lat' dir='ltr'>totidem</span> <span class='ocrx_word' id='word_1_125' title='bbox 857 1807 934 1867; x_wconf 88' lang='lat' dir='ltr'>victi</span> <span class='ocrx_word' id='word_1_126' title='bbox 949 1827 1066 1868; x_wconf 89' lang='lat' dir='ltr'>sumus.</span> <span class='ocrx_word' id='word_1_127' title='bbox 1108 1809 1169 1867; x_wconf 82' lang='lat' dir='ltr'>No</span> <span class='ocrx_word' id='word_1_128' title='bbox 1187 1816 1202 1861; x_wconf 77' lang='grc' dir='ltr'><strong>ὅ</strong></span> 
     </span>
     <span class='ocr_line' id='line_1_17' title="bbox 167 1911 1168 1989; baseline 0.002 -19"><span class='ocrx_word' id='word_1_129' title='bbox 167 1912 274 1971; x_wconf 87' lang='lat' dir='ltr'>tabilis</span> <span class='ocrx_word' id='word_1_130' title='bbox 289 1931 415 1988; x_wconf 88' lang='lat' dir='ltr'>prorsus</span> <span class='ocrx_word' id='word_1_131' title='bbox 433 1916 465 1970; x_wconf 89' lang='lat' dir='ltr'>et</span> <span class='ocrx_word' id='word_1_132' title='bbox 486 1911 566 1970; x_wconf 90' lang='lat' dir='ltr'>mira</span> <span class='ocrx_word' id='word_1_133' title='bbox 587 1912 694 1970; x_wconf 89' lang='lat' dir='ltr'>eadem</span> <span class='ocrx_word' id='word_1_134' title='bbox 716 1912 749 1970; x_wconf 92' lang='lat' dir='ltr'>in</span> <span class='ocrx_word' id='word_1_135' title='bbox 770 1931 872 1988; x_wconf 88' lang='lat' dir='ltr'>causa,</span> <span class='ocrx_word' id='word_1_136' title='bbox 888 1913 988 1972; x_wconf 89' lang='lat' dir='ltr'>isdem</span> <span class='ocrx_word' id='word_1_137' title='bbox 1003 1913 1168 1989; x_wconf 88' lang='lat' dir='ltr'>iudicibus,</span> 
     </span>
     <span class='ocr_line' id='line_1_18' title="bbox 167 2016 1168 2093; baseline 0.002 -17"><span class='ocrx_word' id='word_1_138' title='bbox 167 2018 266 2076; x_wconf 90' lang='lat' dir='ltr'>isdem</span> <span class='ocrx_word' id='word_1_139' title='bbox 282 2016 450 2090; x_wconf 87' lang='lat' dir='ltr'>advocatis,</span> <span class='ocrx_word' id='word_1_140' title='bbox 467 2016 575 2074; x_wconf 89' lang='lat' dir='ltr'>eodem</span> <span class='ocrx_word' id='word_1_141' title='bbox 590 2021 728 2093; x_wconf 90' lang='lat' dir='ltr'>tempore</span> <span class='ocrx_word' id='word_1_142' title='bbox 745 2023 834 2077; x_wconf 87' lang='lat' dir='ltr'>tanta</span> <span class='ocrx_word' id='word_1_143' title='bbox 854 2018 1022 2078; x_wconf 86' lang='lat' dir='ltr'>diversitas</span> <span class='ocrx_word' id='word_1_144' title='bbox 1044 2019 1168 2093; x_wconf 85' lang='lat' dir='ltr'>accidit,</span> 
     </span>
     <span class='ocr_line' id='line_1_19' title="bbox 167 2122 1205 2204; baseline 0.002 -23"><span class='ocrx_word' id='word_1_145' title='bbox 167 2142 249 2195; x_wconf 88' lang='lat' dir='ltr'>casu,</span> <span class='ocrx_word' id='word_1_146' title='bbox 265 2141 326 2180; x_wconf 91' lang='lat' dir='ltr'>non</span> <span class='ocrx_word' id='word_1_147' title='bbox 342 2122 426 2198; x_wconf 90' lang='lat' dir='ltr'>quod</span> <span class='ocrx_word' id='word_1_148' title='bbox 440 2141 529 2182; x_wconf 89' lang='lat' dir='ltr'>casus</span> <span class='ocrx_word' id='word_1_149' title='bbox 550 2123 717 2181; x_wconf 88' lang='lat' dir='ltr'>videretur.</span> <span class='ocrx_word' id='word_1_150' title='bbox 761 2124 853 2183; x_wconf 86' lang='lat' dir='ltr'>Victa</span> <span class='ocrx_word' id='word_1_151' title='bbox 873 2130 922 2184; x_wconf 90' lang='lat' dir='ltr'>est</span> <span class='ocrx_word' id='word_1_152' title='bbox 942 2142 1084 2201; x_wconf 81' lang='lat' dir='ltr'>noverca,</span> <span class='ocrx_word' id='word_1_153' title='bbox 1100 2125 1171 2204; x_wconf 90' lang='lat' dir='ltr'>ipsa</span> <span class='ocrx_word' id='word_1_154' title='bbox 1189 2137 1205 2183; x_wconf 84' lang='lat'>6</span> 
     </span>
     <span class='ocr_line' id='line_1_20' title="bbox 166 2228 1170 2308; baseline 0.005 -22"><span class='ocrx_word' id='word_1_155' title='bbox 166 2228 257 2287; x_wconf 90' lang='lat' dir='ltr'>heres</span> <span class='ocrx_word' id='word_1_156' title='bbox 274 2247 313 2286; x_wconf 92' lang='lat' dir='ltr'>ex</span> <span class='ocrx_word' id='word_1_157' title='bbox 335 2234 423 2304; x_wconf 89' lang='lat' dir='ltr'>parte</span> <span class='ocrx_word' id='word_1_158' title='bbox 445 2234 542 2302; x_wconf 89' lang='lat' dir='ltr'>sexta,</span> <span class='ocrx_word' id='word_1_159' title='bbox 564 2229 666 2288; x_wconf 89' lang='lat' dir='ltr'>victus</span> <span class='ocrx_word' id='word_1_160' title='bbox 689 2229 868 2305; x_wconf 83' lang='lat' dir='ltr'>Suberinus‚</span> <span class='ocrx_word' id='word_1_161' title='bbox 884 2230 938 2308; x_wconf 92' lang='lat' dir='ltr'>qui</span> <span class='ocrx_word' id='word_1_162' title='bbox 960 2230 1170 2291; x_wconf 86' lang='lat' dir='ltr'>exheredatus</span> 
     </span>
     <span class='ocr_line' id='line_1_21' title="bbox 118 2332 1170 2412; baseline 0.004 -20"><span class='ocrx_word' id='word_1_163' title='bbox 118 2352 148 2397; x_wconf 85' lang='lat'>20</span> <span class='ocrx_word' id='word_1_164' title='bbox 167 2353 185 2392; x_wconf 92' lang='lat' dir='ltr'>a</span> <span class='ocrx_word' id='word_1_165' title='bbox 200 2339 288 2410; x_wconf 90' lang='lat' dir='ltr'>patre</span> <span class='ocrx_word' id='word_1_166' title='bbox 304 2332 454 2407; x_wconf 85' lang='lat' dir='ltr'>singulari</span> <span class='ocrx_word' id='word_1_167' title='bbox 470 2333 656 2410; x_wconf 91' lang='lat' dir='ltr'>inpudentia</span> <span class='ocrx_word' id='word_1_168' title='bbox 667 2334 761 2393; x_wconf 90' lang='lat' dir='ltr'>alieni</span> <span class='ocrx_word' id='word_1_169' title='bbox 777 2335 875 2412; x_wconf 90' lang='lat' dir='ltr'>patris</span> <span class='ocrx_word' id='word_1_170' title='bbox 887 2336 968 2394; x_wconf 89' lang='lat' dir='ltr'>bona</span> <span class='ocrx_word' id='word_1_171' title='bbox 979 2335 1170 2411; x_wconf 87' lang='lat' dir='ltr'>vindicabat,</span> 
     </span>
     <span class='ocr_line' id='line_1_22' title="bbox 166 2438 1206 2518; baseline 0.007 -22"><span class='ocrx_word' id='word_1_172' title='bbox 166 2457 229 2497; x_wconf 90' lang='lat' dir='ltr'>non</span> <span class='ocrx_word' id='word_1_173' title='bbox 244 2457 337 2497; x_wconf 89' lang='lat' dir='ltr'>ansus</span> <span class='ocrx_word' id='word_1_174' title='bbox 353 2438 400 2496; x_wconf 90' lang='lat' dir='ltr'>sui</span> <span class='ocrx_word' id='word_1_175' title='bbox 416 2444 529 2514; x_wconf 90' lang='lat' dir='ltr'>petere.</span> <span class='ocrx_word' id='word_1_176' title='bbox 573 2440 660 2499; x_wconf 89' lang='lat' dir='ltr'>Haec</span> <span class='ocrx_word' id='word_1_177' title='bbox 675 2440 734 2499; x_wconf 90' lang='lat' dir='ltr'>tibi</span> <span class='ocrx_word' id='word_1_178' title='bbox 756 2441 896 2518; x_wconf 86' lang='lat' dir='ltr'>exposui,</span> <span class='ocrx_word' id='word_1_179' title='bbox 912 2441 1058 2518; x_wconf 89' lang='lat' dir='ltr'>primum,</span> <span class='ocrx_word' id='word_1_180' title='bbox 1073 2448 1110 2501; x_wconf 92' lang='lat' dir='ltr'>ut</span> <span class='ocrx_word' id='word_1_181' title='bbox 1131 2461 1171 2501; x_wconf 89' lang='lat' dir='ltr'>ex</span> <span class='ocrx_word' id='word_1_182' title='bbox 1191 2457 1206 2504; x_wconf 77' lang='grc'><strong>7</strong></span> 
     </span>
     <span class='ocr_line' id='line_1_23' title="bbox 167 2543 1173 2626; baseline 0.006 -25"><span class='ocrx_word' id='word_1_183' title='bbox 167 2543 303 2620; x_wconf 88' lang='lat' dir='ltr'>epistula</span> <span class='ocrx_word' id='word_1_184' title='bbox 314 2543 408 2602; x_wconf 90' lang='lat' dir='ltr'>scires</span> <span class='ocrx_word' id='word_1_185' title='bbox 420 2562 498 2620; x_wconf 86' lang='lat' dir='ltr'>quae</span> <span class='ocrx_word' id='word_1_186' title='bbox 510 2562 548 2601; x_wconf 90' lang='lat' dir='ltr'>ex</span> <span class='ocrx_word' id='word_1_187' title='bbox 560 2545 699 2604; x_wconf 90' lang='lat' dir='ltr'>oratione</span> <span class='ocrx_word' id='word_1_188' title='bbox 714 2565 776 2604; x_wconf 90' lang='lat' dir='ltr'>non</span> <span class='ocrx_word' id='word_1_189' title='bbox 792 2553 932 2623; x_wconf 88' lang='lat' dir='ltr'>poteras:</span> <span class='ocrx_word' id='word_1_190' title='bbox 956 2546 1069 2606; x_wconf 86' lang='lat' dir='ltr'>deinde</span> <span class='ocrx_word' id='word_1_191' title='bbox 1083 2547 1173 2626; x_wconf 89' lang='lat' dir='ltr'>(nam</span> 
     </span>
     <span class='ocr_line' id='line_1_24' title="bbox 167 2649 1173 2728; baseline 0.006 -22"><span class='ocrx_word' id='word_1_192' title='bbox 167 2649 309 2723; x_wconf 90' lang='lat' dir='ltr'>detegam</span> <span class='ocrx_word' id='word_1_193' title='bbox 325 2651 433 2728; x_wconf 83' lang='lat' dir='ltr'>artes),</span> <span class='ocrx_word' id='word_1_194' title='bbox 448 2654 484 2707; x_wconf 91' lang='lat' dir='ltr'>ut</span> <span class='ocrx_word' id='word_1_195' title='bbox 498 2650 668 2708; x_wconf 86' lang='lat' dir='ltr'>orationem</span> <span class='ocrx_word' id='word_1_196' title='bbox 685 2651 834 2712; x_wconf 90' lang='lat' dir='ltr'>libentius</span> <span class='ocrx_word' id='word_1_197' title='bbox 853 2653 980 2728; x_wconf 84' lang='lat' dir='ltr'>legeres,</span> <span class='ocrx_word' id='word_1_198' title='bbox 997 2653 1023 2714; x_wconf 93' lang='lat' dir='ltr'>si</span> <span class='ocrx_word' id='word_1_199' title='bbox 1045 2673 1110 2712; x_wconf 91' lang='lat' dir='ltr'>non</span> <span class='ocrx_word' id='word_1_200' title='bbox 1130 2653 1173 2712; x_wconf 73' lang='lat' dir='ltr'>le</span> 
     </span>
     <span class='ocr_line' id='line_1_25' title="bbox 167 2753 1174 2836; baseline 0.006 -24"><span class='ocrx_word' id='word_1_201' title='bbox 167 2773 237 2829; x_wconf 89' lang='lat' dir='ltr'>gere</span> <span class='ocrx_word' id='word_1_202' title='bbox 255 2754 314 2813; x_wconf 88' lang='lat' dir='ltr'>tibi</span> <span class='ocrx_word' id='word_1_203' title='bbox 335 2754 390 2813; x_wconf 91' lang='lat' dir='ltr'>sed</span> <span class='ocrx_word' id='word_1_204' title='bbox 410 2753 561 2813; x_wconf 86' lang='lat' dir='ltr'>interesse</span> <span class='ocrx_word' id='word_1_205' title='bbox 583 2755 699 2814; x_wconf 90' lang='lat' dir='ltr'>iudicio</span> <span class='ocrx_word' id='word_1_206' title='bbox 720 2757 887 2833; x_wconf 89' lang='lat' dir='ltr'>videreris;</span> <span class='ocrx_word' id='word_1_207' title='bbox 910 2778 1014 2836; x_wconf 88' lang='lat' dir='ltr'>quam,</span> <span class='ocrx_word' id='word_1_208' title='bbox 1030 2759 1073 2819; x_wconf 90' lang='lat' dir='ltr'>sit</span> <span class='ocrx_word' id='word_1_209' title='bbox 1094 2758 1174 2818; x_wconf 90' lang='lat' dir='ltr'>licet</span> 
     </span>
     <span class='ocr_line' id='line_1_26' title="bbox 117 2859 1172 2941; baseline 0.003 -21"><span class='ocrx_word' id='word_1_210' title='bbox 117 2875 146 2920; x_wconf 78' lang='lat'>25</span> <span class='ocrx_word' id='word_1_211' title='bbox 166 2879 288 2934; x_wconf 86' lang='lat' dir='ltr'>magna,</span> <span class='ocrx_word' id='word_1_212' title='bbox 308 2879 370 2917; x_wconf 91' lang='lat' dir='ltr'>non</span> <span class='ocrx_word' id='word_1_213' title='bbox 392 2859 521 2935; x_wconf 89' lang='lat' dir='ltr'>despero</span> <span class='ocrx_word' id='word_1_214' title='bbox 543 2861 676 2935; x_wconf 86' lang='lat' dir='ltr'>gratiam</span> <span class='ocrx_word' id='word_1_215' title='bbox 697 2861 899 2923; x_wconf 89' lang='lat' dir='ltr'>brevissimae</span> <span class='ocrx_word' id='word_1_216' title='bbox 921 2863 1172 2941; x_wconf 86' lang='lat' dir='ltr'>impetraturam.</span> 
     </span>
     <span class='ocr_line' id='line_1_27' title="bbox 166 2964 1207 3041; baseline 0.002 -17"><span class='ocrx_word' id='word_1_217' title='bbox 166 2966 248 3024; x_wconf 90' lang='lat' dir='ltr'>Nam</span> <span class='ocrx_word' id='word_1_218' title='bbox 265 2971 296 3023; x_wconf 90' lang='lat' dir='ltr'>et</span> <span class='ocrx_word' id='word_1_219' title='bbox 311 2964 401 3041; x_wconf 90' lang='lat' dir='ltr'>copia</span> <span class='ocrx_word' id='word_1_220' title='bbox 415 2983 517 3022; x_wconf 87' lang='lat' dir='ltr'>rerum</span> <span class='ocrx_word' id='word_1_221' title='bbox 533 2970 564 3022; x_wconf 91' lang='lat' dir='ltr'>et</span> <span class='ocrx_word' id='word_1_222' title='bbox 579 2972 688 3041; x_wconf 88' lang='lat' dir='ltr'>arguta</span> <span class='ocrx_word' id='word_1_223' title='bbox 704 2966 858 3027; x_wconf 83' lang='lat' dir='ltr'>divisione</span> <span class='ocrx_word' id='word_1_224' title='bbox 873 2974 905 3028; x_wconf 88' lang='lat' dir='ltr'>et</span> <span class='ocrx_word' id='word_1_225' title='bbox 924 2969 1172 3031; x_wconf 87' lang='lat' dir='ltr'>narratiunculis</span> <span class='ocrx_word' id='word_1_226' title='bbox 1192 2980 1207 3026; x_wconf 86' lang='lat'>8</span> 
     </span>
     <span class='ocr_line' id='line_1_28' title="bbox 127 3069 1174 3149; baseline 0.009 -23"><span class='ocrx_word' id='word_1_227' title='bbox 127 3144 131 3149; x_wconf 21' lang='grc' dir='ltr'>ι</span> <span class='ocrx_word' id='word_1_228' title='bbox 167 3069 310 3147; x_wconf 90' lang='lat' dir='ltr'>pluribus</span> <span class='ocrx_word' id='word_1_229' title='bbox 331 3075 362 3127; x_wconf 90' lang='lat' dir='ltr'>et</span> <span class='ocrx_word' id='word_1_230' title='bbox 384 3069 550 3145; x_wconf 86' lang='lat' dir='ltr'>eloquendi</span> <span class='ocrx_word' id='word_1_231' title='bbox 572 3071 724 3130; x_wconf 89' lang='lat' dir='ltr'>varietate</span> <span class='ocrx_word' id='word_1_232' title='bbox 747 3079 922 3133; x_wconf 86' lang='lat' dir='ltr'>renovatur.</span> <span class='ocrx_word' id='word_1_233' title='bbox 967 3075 1047 3134; x_wconf 84' lang='lat' dir='ltr'>Sunt</span> <span class='ocrx_word' id='word_1_234' title='bbox 1067 3075 1174 3135; x_wconf 93' lang='lat' dir='ltr'>multa</span> 
     </span>
     <span class='ocr_line' id='line_1_29' title="bbox 168 3174 1173 3257; baseline 0.008 -26"><span class='ocrx_word' id='word_1_235' title='bbox 168 3174 243 3252; x_wconf 85' lang='lat' dir='ltr'>(non</span> <span class='ocrx_word' id='word_1_236' title='bbox 255 3174 400 3233; x_wconf 88' lang='lat' dir='ltr'>auderem</span> <span class='ocrx_word' id='word_1_237' title='bbox 412 3175 473 3234; x_wconf 91' lang='lat' dir='ltr'>nisi</span> <span class='ocrx_word' id='word_1_238' title='bbox 486 3174 545 3233; x_wconf 90' lang='lat' dir='ltr'>tibi</span> <span class='ocrx_word' id='word_1_239' title='bbox 557 3175 672 3255; x_wconf 84' lang='lat' dir='ltr'>dicere)</span> <span class='ocrx_word' id='word_1_240' title='bbox 686 3176 777 3251; x_wconf 84' lang='lat' dir='ltr'>elata,</span> <span class='ocrx_word' id='word_1_241' title='bbox 788 3178 887 3238; x_wconf 88' lang='lat' dir='ltr'>multa</span> <span class='ocrx_word' id='word_1_242' title='bbox 895 3179 1057 3257; x_wconf 90' lang='lat' dir='ltr'>pugnacia,</span> <span class='ocrx_word' id='word_1_243' title='bbox 1068 3180 1173 3240; x_wconf 88' lang='lat' dir='ltr'>multa</span> 
     </span>
     <span class='ocr_line' id='line_1_30' title="bbox 167 3279 1207 3363; baseline 0.009 -25"><span class='ocrx_word' id='word_1_244' title='bbox 167 3279 303 3338; x_wconf 88' lang='lat' dir='ltr'>subtilia.</span> <span class='ocrx_word' id='word_1_245' title='bbox 347 3279 523 3339; x_wconf 85' lang='lat' dir='ltr'>Intervenit</span> <span class='ocrx_word' id='word_1_246' title='bbox 538 3280 620 3338; x_wconf 90' lang='lat' dir='ltr'>enim</span> <span class='ocrx_word' id='word_1_247' title='bbox 635 3282 758 3341; x_wconf 88' lang='lat' dir='ltr'>acribus</span> <span class='ocrx_word' id='word_1_248' title='bbox 773 3282 837 3342; x_wconf 89' lang='lat' dir='ltr'>illis</span> <span class='ocrx_word' id='word_1_249' title='bbox 849 3289 881 3343; x_wconf 90' lang='lat' dir='ltr'>et</span> <span class='ocrx_word' id='word_1_250' title='bbox 895 3283 1006 3343; x_wconf 88' lang='lat' dir='ltr'>erectis</span> <span class='ocrx_word' id='word_1_251' title='bbox 1017 3285 1172 3363; x_wconf 89' lang='lat' dir='ltr'>frequens</span> <span class='ocrx_word' id='word_1_252' title='bbox 1192 3302 1207 3347; x_wconf 85' lang='lat'><strong>9</strong></span> 
     </span>
     <span class='ocr_line' id='line_1_31' title="bbox 117 3384 1174 3469; baseline 0.009 -27"><span class='ocrx_word' id='word_1_253' title='bbox 117 3404 147 3449; x_wconf 88' lang='lat'>30</span> <span class='ocrx_word' id='word_1_254' title='bbox 166 3385 335 3445; x_wconf 88' lang='lat' dir='ltr'>necessitas</span> <span class='ocrx_word' id='word_1_255' title='bbox 350 3384 588 3462; x_wconf 89' lang='lat' dir='ltr'>conputandiac</span> <span class='ocrx_word' id='word_1_256' title='bbox 603 3404 701 3462; x_wconf 92' lang='lat' dir='ltr'>paene</span> <span class='ocrx_word' id='word_1_257' title='bbox 720 3387 856 3448; x_wconf 88' lang='lat' dir='ltr'>calculos</span> <span class='ocrx_word' id='word_1_258' title='bbox 877 3389 1079 3467; x_wconf 87' lang='lat' dir='ltr'>tabulamque</span> <span class='ocrx_word' id='word_1_259' title='bbox 1101 3410 1174 3469; x_wconf 91' lang='lat' dir='ltr'>pos-</span> 
     </span>
     <span class='ocr_line' id='line_1_32' title="bbox 156 3490 1171 3571; baseline 0.01 -23"><span class='ocrx_word' id='word_1_260' title='bbox 156 3490 258 3566; x_wconf 79' lang='lat' dir='ltr'>cendi,</span> <span class='ocrx_word' id='word_1_261' title='bbox 277 3497 312 3551; x_wconf 87' lang='lat' dir='ltr'>ut</span> <span class='ocrx_word' id='word_1_262' title='bbox 325 3497 457 3571; x_wconf 87' lang='lat' dir='ltr'>repente</span> <span class='ocrx_word' id='word_1_263' title='bbox 472 3490 507 3551; x_wconf 92' lang='lat' dir='ltr'>in</span> <span class='ocrx_word' id='word_1_264' title='bbox 521 3490 641 3571; x_wconf 74' lang='lat' dir='ltr'>privati</span> <span class='ocrx_word' id='word_1_265' title='bbox 657 3491 769 3551; x_wconf 87' lang='lat' dir='ltr'>iudicii</span> <span class='ocrx_word' id='word_1_266' title='bbox 787 3494 925 3552; x_wconf 76' lang='lat' dir='ltr'>termam</span> <span class='ocrx_word' id='word_1_267' title='bbox 942 3496 1171 3558; x_wconf 79' lang='lat' dir='ltr'>centumvirale</span> 
     </span>
     <span class='ocr_line' id='line_1_33' title="bbox 67 3595 1247 3682; baseline 0.003 -27"><span class='ocrx_word' id='word_1_268' title='bbox 67 3628 73 3639; x_wconf 89' lang='lat'>·</span> <span class='ocrx_word' id='word_1_269' title='bbox 141 3602 296 3662; x_wconf 74' lang='lat' dir='ltr'>vertatur.</span> <span class='ocrx_word' id='word_1_270' title='bbox 346 3601 513 3669; x_wconf 88' lang='lat' dir='ltr'>Dedimus</span> <span class='ocrx_word' id='word_1_271' title='bbox 525 3600 603 3668; x_wconf 88' lang='lat' dir='ltr'>vela</span> <span class='ocrx_word' id='word_1_272' title='bbox 614 3596 850 3682; x_wconf 73' lang='lat' dir='ltr'>indignationi,</span> <span class='ocrx_word' id='word_1_273' title='bbox 859 3596 1008 3656; x_wconf 75' lang='lat' dir='ltr'>dedimus</span> <span class='ocrx_word' id='word_1_274' title='bbox 1016 3595 1197 3666; x_wconf 51' lang='lat' dir='ltr'>tramsm—</span> <span class='ocrx_word' id='word_1_275' title='bbox 1211 3616 1247 3658; x_wconf 71' lang='lat' dir='ltr'>m</span> 
     </span>
    </p>
   </div>
   <div class='ocr_carea' id='block_1_3' title="bbox 0 0 1260 3870">
    <p class='ocr_par' dir='ltr' id='par_1_3' title="bbox 0 0 1260 3870">
     <span class='ocr_line' id='line_1_34' title="bbox 0 0 1260 3870; baseline 0 1"><span class='ocrx_word' id='word_1_276' title='bbox 0 0 1260 3870; x_wconf 95' lang='lat' dir='ltr'> </span> 
     </span>
    </p>
   </div>
  </div>
 </body>
</html>
