2512 3870
171 155 234 220 114
597 173 626 223 c.
648 172 748 222 rmxr

170 342 301 402 tulisti?
343 343 416 402 Meo
431 344 557 421 quidem
580 345 696 404 iudicio
717 349 828 403 neuter
842 344 1025 421 culpandus,
1042 363 1176 420 quorum
1196 354 1211 400 8

170 453 300 525 uterque
322 449 362 508 ad
383 449 514 524 gloriam
535 450 604 528 pari
625 449 808 527 cupiditate,
826 450 950 509 diverso
970 449 1084 508 itinere
1106 468 1176 508 con-

113 540 116 545 ·
170 554 283 628 tendit,
311 554 400 629 alter,
429 554 502 614 dum
531 555 652 632 expetit
680 555 803 615 debitos
831 555 951 630 titulos,
980 554 1069 630 alter,
1099 554 1176 614 dum

171 659 292 718 mavult
305 659 406 718 videri
421 661 653 738 contempsisse.
696 660 783 721 Vale.

569 933 622 994 95.
650 932 769 1013 (11111.)

389 1102 419 1152 C.
442 1102 586 1153 PLINIUS
610 1101 809 1153 SABINIANO
833 1102 901 1154 SUO
924 1102 952 1154 S.

397 1251 573 1301 Intercession
579 1251 629 1314 sor
640 1265 657 1302 a
664 1252 786 1313 peniteat
791 1251 943 1314 freedmaa.

135 1406 149 1450 o
210 1395 355 1455 Libertus
376 1400 458 1470 tuus,
476 1396 526 1454 oui
549 1414 728 1456 suscensere
748 1402 780 1455 te
801 1395 936 1471 dixeras,
950 1396 1039 1456 venit
1060 1396 1103 1456 ad
1122 1416 1175 1457 me
1196 1409 1208 1454 1

170 1500 398 1576 advolutusque
413 1501 545 1577 pedibus
560 1502 638 1561 meis
653 1507 813 1577 tamquam
827 1501 890 1561 tuis
910 1501 1022 1561 haesit.
1064 1502 1175 1562 Flevit

170 1606 313 1680 multum,
325 1605 459 1664 multum
471 1606 602 1681 rogavit,
614 1607 749 1665 multum
761 1606 856 1666 etiam
870 1606 978 1683 tacuit,
991 1607 1025 1665 in
1039 1626 1173 1682 summa,

169 1711 246 1770 fecit
267 1710 345 1769 mihi
370 1710 463 1770 fidem
484 1711 703 1789 paenitentiae.
746 1713 827 1772 Vere
848 1713 940 1771 credo
960 1713 1172 1794 emendatum,

169 1817 244 1893 quia
267 1816 438 1892 deliquisse
463 1835 496 1876 se
524 1817 629 1876 sentit.
686 1817 844 1891 Irasceris,
870 1817 943 1892 scio,
968 1823 1000 1876 et
1026 1817 1209 1878 irascerisa

121 1934 150 1979 lo
169 1922 289 1997 merito,
303 1922 338 1980 id
353 1941 475 1999 quoque
497 1922 576 1982 scio:
599 1922 655 1983 sed
676 1928 750 1982 tunc
772 1922 1173 2000 praecipuamansuetudi·

169 2028 219 2087 nis
234 2028 311 2102 laus,
323 2046 394 2086 cum
409 2027 473 2087 irae
484 2047 578 2088 causa
589 2028 763 2088 iustissima
773 2034 829 2088 est.
871 2027 996 2088 Amasti
1010 2028 1172 2088 hominem
1192 2043 1209 2089 3

170 2139 211 2207 et,
234 2151 332 2210 spem,
354 2133 488 2192 amabis:
522 2133 646 2192 interim
673 2132 788 2193 sufficit
812 2138 849 2192 ut
871 2133 993 2193 exorari
1016 2139 1048 2193 te
1074 2133 1170 2195 sinas.

170 2238 291 2297 Licebit
308 2257 414 2297 rursus
436 2239 538 2314 irasci,
554 2239 581 2299 si
602 2239 759 2313 meruerit,
775 2241 859 2316 quod
879 2245 1024 2301 exoratus
1045 2219 1173 2300 excusa·

169 2343 233 2402 tius
247 2343 353 2403 facies.
395 2344 535 2402 Remitte
550 2344 671 2421 aliquid
683 2344 914 2405 adulescentiae
922 2345 1032 2423 ipsius,
1044 2345 1171 2406 remitte

121 2460 149 2504 15
169 2448 316 2522 lacrimis,
332 2448 456 2508 remitte
471 2448 685 2525 indulgentiae
699 2455 790 2509 tuae:
813 2469 852 2509 ne
867 2451 995 2510 torseris
1015 2450 1115 2525 illum,
1131 2468 1171 2510 116

169 2553 297 2613 torseris
312 2553 406 2613 etiam
420 2559 460 2613 te.
504 2554 671 2631 Torqueris
686 2555 778 2630 enim,
794 2575 865 2614 cum
881 2561 946 2616 tam
964 2556 1044 2615 lenis
1060 2555 1172 2616 irascc-
1191 2570 1207 2614 4

170 2661 221 2719 ris.
264 2661 379 2719 Vereor
393 2661 554 2745 neuvidear
568 2679 631 2719 non
645 2679 752 2736 rogare
768 2663 823 2720 sed
843 2681 960 2736 cogere,
977 2663 1003 2722 si
1025 2663 1171 2740 precibus

169 2766 236 2825 eius
251 2784 336 2824 meas
351 2765 488 2825 iunxero.
532 2766 664 2841 Iungam
679 2774 784 2826 tamen
798 2773 887 2827 tanto
901 2768 1025 2845 plenius
1042 2774 1075 2828 ct
1095 2769 1171 2828 effu-

100 2888 114 2910 ·
169 2871 243 2945 sius,
259 2877 376 2947 quanto
393 2872 496 2947 ipsum
518 2871 619 2931 acrius
642 2872 841 2949 severiusque
862 2873 1008 2951 corripui,
1020 2874 1172 2934 destricte

120 2989 149 3034 20
169 2977 306 3036 minatus
321 2996 490 3052 numquam
504 2995 553 3034 me
568 2982 677 3053 postea
691 2983 878 3052 rogaturum.
923 2979 992 3037 Hoc
1007 2979 1065 3054 illi,
1077 2999 1172 3057 quem

168 3082 279 3142 terreri
301 3081 470 3158 oportebat,
493 3081 551 3140 tibi
573 3101 636 3141 non
658 3083 748 3141 idem.
792 3085 875 3143 Nam
896 3085 1031 3144 fortasse
1054 3084 1172 3146 iterum

169 3188 291 3263 rogabo,
313 3187 486 3264 impetrabo
508 3187 636 3246 iterum:
664 3188 706 3247 sit
727 3189 818 3247 modo
838 3189 902 3248 tale
924 3195 959 3248 ut
980 3209 1089 3271 rogare
1110 3211 1171 3266 me,

169 3299 204 3353 ut
218 3297 375 3370 praestare
389 3298 421 3351 te
435 3293 550 3351 deceat.
593 3292 679 3353 Vale.
