2512 3870
431 148 692 199 EPISTULARUM
716 148 736 198 I.
759 147 797 199 16.

364 543 394 594 0.
417 543 563 594 PLINIUS
587 543 723 593 ERUCIO
747 543 814 593 SUO
839 543 864 594 S.

410 701 601 754 Soteririnus's
616 717 697 765 mooy
711 704 817 753 talento.

75 869 88 913 1
150 852 307 912 Amabam
328 852 750 932 Pompeium—“Satqrninum,
779 851 861 937 hunc
877 852 947 912 dico
961 858 1113 930 nostrum,
1150 835 1152 839 ⁵

110 958 340 1034 laudabamque
375 956 442 1017 eius
478 956 649 1033 ingenium,
679 957 775 1016 etiam
807 963 974 1034 antequam
1004 958 1115 1018 scirem

79 1069 92 1088 '
111 1082 206 1140 quam
233 1062 364 1138 varium,
394 1081 488 1139 quam
520 1061 667 1144 flembila
697 1081 789 1139 quam
819 1062 986 1148 multiplex
1014 1069 1112 1124 esset:

75 1190 90 1234 2
110 1187 194 1227 nunc
208 1187 281 1227 vero
296 1173 398 1227 totum
412 1186 462 1227 me
476 1173 572 1252 tenet,
583 1168 696 1245 „habet-
706 1146 990 1249 possidetsAudii
1004 1188 1113 1229 causas

53 1339 58 1348 ‚
111 1280 255 1349 agentem
277 1274 390 1333 acriter
412 1280 444 1333 et
465 1274 610 1333 ardenter
631 1292 688 1333 nec
710 1273 814 1333 minus
836 1274 933 1351 polite
948 1280 980 1333 et
994 1281 1148 1351 ornatas

111 1380 177 1439 sive
194 1379 348 1464 medffla
367 1379 433 1439 sive
455 1379 560 1462 semita
580 1379 743 1457 proferret.
786 1378 914 1439 Adsunt
938 1384 1030 1457 aptae
1053 1399 1114 1440 cre-

111 1485 245 1562 braeque
261 1485 444 1572 sententiae,
459 1485 563 1561 gravis
577 1490 610 1544 et
627 1485 739 1544 decora
755 1483 954 1558 constructio,
970 1487 1115 1546 sonantia

110 1590 205 1675 verba
219 1596 251 1650 et
265 1595 332 1651 enti
318 1590 403 1667 iq.ua
444 1590 558 1650 Omnia
571 1590 647 1649 haec
662 1590 738 1648 mire
754 1589 888 1667 placent,
905 1609 975 1648 cum
993 1590 1113 1668 impetu

110 1668 245 1772 quodam
260 1700 292 1754 et
305 1695 433 1754 flumine
455 1660 677 1774 pervaduntur,
693 1694 827 1772 placent,
846 1695 873 1754 si
883 1700 1111 1801 retractentur.

74 1819 89 1865 a
111 1800 233 1860 Senties
249 1800 332 1876 quod
347 1819 411 1875 eg0,
427 1819 495 1859 cum
512 1800 667 1860 orationes
682 1800 750 1859 eius
765 1799 799 1857 iu
809 1818 919 1860 manus
932 1782 1112 1877 sumpseris,
1133 1818 1162 1864 10

110 1924 188 1982 quas
210 1904 304 1964 facile
326 1905 456 1994 cuilibet
476 1911 626 1980 veterum,
642 1925 774 1981 quorum
798 1909 846 1964 est
868 1904 1019 1980 aemulus,
1034 1924 1113 1965 com-

74 2010 244 2088 sperabis
289 2010 377 2068 Idem
390 1987 562 2069 tamenin
586 2011 652 2071 hist
639 2012 719 2070 toria
742 2013 841 2088 magis
865 2013 1040 2073 satisfaciet
1062 2013 1112 2072 vel

109 2114 265 2199 breritate
286 2115 337 2174 vel
358 2115 427 2174 luce
448 2116 499 2174 vel
523 2116 659 2177 suavitat
646 2118 751 2177 tevel
777 2117 941 2195 splendore
964 2118 1059 2178 etiam
1081 2124 1113 2178 et

110 2192 305 2281 sublimitate
334 2220 491 2309 narrandi.
537 2223 568 2280 N
572 2241 622 2281 am
653 2223 687 2281 in
716 2223 913 2307 contionibus
942 2223 1027 2283 idem
1058 2223 1113 2300 qui

109 2298 364 2405 fiat-ionibus
395 2332 451 2401 est,
484 2327 619 2416 pressior
650 2333 758 2389 tamen
787 2335 819 2389 et
850 2329 1112 2407 circumscriptior
1134 2340 1161 2385 ιι

74 2436 142 2494 oet
156 2431 350 2525 metior.
394 2433 561 2491 Praeterea
589 2433 668 2492 facit
695 2452 813 2508 versus,
837 2435 945 2511 quales
968 2434 1112 2495 Catullus

110 2536 306 2622 fflvus.
348 2537 550 2608 Quantum
527 2557 537 2597 1
552 2537 605 2597 lis
614 2538 738 2617 leporis,
760 2539 945 2614 dulcedinis,
968 2540 1113 2599 amaritu-

109 2641 353 2734 dQ-mi-s!
375 2642 487 2702 inserit
502 2661 585 2718 sane,
602 2645 656 2704 sed
671 2644 861 2729 data-opera,
877 2645 1024 2705 mollibus
1039 2645 1113 2703 levi·

109 2742 447 2831 Qdusslllfllllllffi
469 2749 629 2824 quosdam,
650 2754 681 2808 et
702 2749 760 2808 hoo
782 2749 1037 2831 qpasiCatullus
1059 2755 1113 2810 aut

30 2908 43 2923 ,
74 2867 90 2913 6
106 2851 235 2914 ,Calvus
266 2851 361 2928 Legit
375 2851 455 2912 mihi
469 2871 568 2930 nuper
583 2854 752 2930 epistulas;
769 2855 875 2913 uxoris
890 2874 957 2914 esse
973 2855 1110 2915 dicebat:
1133 2869 1162 2914 20

109 2957 259 3017 Plautum
269 2956 321 3016 vel
332 2957 514 3017 Terentium
528 2959 776 3033 rrmtrosolutum
794 2959 855 3035 legi
870 2960 997 3018 credidi.
1027 2960 1112 3031 Quae

110 3062 177 3122 sive
197 3061 305 3122 uxoris
327 3067 410 3137 sunt,
430 3068 466 3121 ut
488 3062 641 3138 adfirmat,
664 3064 729 3146 sive
750 3064 859 3141 ipsius,
874 3070 910 3124 ut
925 3071 1027 3141 negat,
1043 3066 1112 3143 pari

17 3199 34 3227 ,-
109 3167 211 3242 gloria
231 3167 345 3244 dignus
368 3167 423 3244 qui
446 3173 501 3227 aut
522 3167 579 3226 illa
600 3175 765 3245 componat
787 3175 841 3228 aut
862 3189 999 3245 uxorem,
1018 3190 1111 3248 quam

109 3272 264 3349 virginem
292 3271 422 3350 accepit
457 3278 531 3359 tam
551 3273 674 3332 doctam
706 3273 786 3350 polit
787 3269 898 3351 amque
929 3275 1110 3334 reddiderit.

73 3378 168 3437 rust
182 3396 387 3453 ergomecum
401 3395 457 3455 per
462 3346 558 3436 diem
572 3383 689 3437 totum:
712 3378 845 3438 eundem
859 3386 1026 3456 antequam
1041 3381 1112 3440 scri·
1132 3390 1160 3434 25

75 3463 189 3558 bam,
211 3483 344 3542 eundem
365 3501 435 3542 cum
456 3483 579 3564 scripsi,
599 3485 737 3546 eundem
755 3485 858 3547 etiam
874 3505 952 3546 cum
969 3486 1135 3549 renisus

95 3605 158 3643 non
147 3591 336 3675 tamquam
351 3591 522 3655 eundeml
509 3589 594 3674 lego.
640 3596 789 3672 Quodte
805 3595 995 3674 quoquest
1004 3585 1118 3644 tenuas
1128 3583 1170 3633 eu

1096 3797 1102 3806 ⁸
1151 3765 1208 3842 s
