2512 3870
434 182 696 232 nrrsrunanun
721 181 756 231 11.
777 181 815 232 17.
1083 166 1125 228 29

120 358 152 412 et
179 357 250 430 post
278 352 441 413 silentium
466 354 569 432 eoepit
594 354 677 413 idern
700 353 802 413 tertio.
845 352 1026 412 Novissime
1055 351 1125 427 quis

120 458 239 517 diceret
257 459 429 535 quaesivit:
454 478 636 536 responsum
659 465 708 518 est
724 458 889 517 ‘Licinus'
932 459 1011 514 'luni
1034 457 1126 514 inter-

121 563 216 622 missa
236 581 331 623 eausa
349 565 569 624 ‘centumviri'
588 564 701 640 inquit,
723 565 797 622 ‘hoo
818 562 985 622 artificium
1004 560 1125 638 perit.’'

70 683 99 727 12
120 668 210 738 Quod
232 667 349 744 alioqui
371 666 473 744 perire
496 666 676 744 incipiebat,
692 685 761 724 curn
781 666 898 743 perisse
914 666 994 723 Afro
1009 665 1126 724 videre-

120 779 181 847 tur,
196 791 279 835 nune
295 791 367 830 vero
382 790 477 849 prope
492 771 637 831 funditus
657 771 831 830 extinctum
853 777 884 829 et
905 790 1047 830 eversum
1069 775 1124 830 est.
1146 781 1160 826 ὅ

121 879 225 937 Pudet
242 878 360 937 referre
381 895 460 954 quae
476 896 568 954 quarn
584 877 686 936 fracta
700 876 955 953 pronuntiatione
971 875 1125 949 dieantur,

71 997 101 1042 13
122 984 236 1062 quibus
261 1002 354 1060 quam
379 982 497 1042 teneris
526 982 711 1041 elamoribus
741 980 944 1058 excipiantur.
991 980 1126 1040 Plausus

121 1095 246 1149 tantum
260 1107 296 1148 ae
311 1089 417 1166 potius
436 1089 502 1148 sola
520 1087 664 1166 cymbala
683 1093 715 1146 et
736 1093 888 1165 tympana
908 1086 973 1145 illis
995 1085 1125 1145 oautieis

122 1196 251 1255 desunt:
274 1194 415 1254 ululatus
426 1194 554 1271 quidem
567 1193 680 1271 (neque
692 1193 775 1251 euim
787 1192 849 1251 alio
860 1192 1011 1251 vocabulo
1023 1196 1126 1268 potest

122 1300 256 1378 exprimi
275 1299 409 1359 theatris
427 1317 550 1376 quoque
571 1298 717 1357 indecora
739 1296 892 1378 laudatio)
916 1297 1001 1371 large
1024 1308 1176 1373 super-10

72 1422 101 1466 14
122 1411 203 1467 sunt.
246 1406 313 1465 Nos
335 1410 441 1464 tamen
465 1403 568 1463 adhue
589 1409 620 1462 et
641 1403 763 1474 utilitas
789 1403 958 1462 amicorum
986 1408 1018 1461 et
1046 1403 1127 1462 ratio

122 1511 236 1571 aetatis
258 1515 452 1570 moraturae
474 1509 605 1568 retinet:
632 1527 774 1567 veremur
795 1509 878 1567 enim
899 1527 938 1567 ne
960 1508 1043 1567 forte
1064 1527 1127 1567 non

121 1617 179 1676 has
194 1615 401 1691 indignitates
416 1614 580 1692 reliquisse
595 1615 650 1674 sed
667 1614 802 1673 laborem
819 1598 939 1689 fugisse
955 1613 1124 1672 videamur.

122 1723 236 1783 Sumus
258 1727 363 1781 tamen
386 1721 479 1780 solito
500 1719 641 1794 rariores,
657 1720 741 1797 quod
761 1719 889 1778 initium
908 1725 957 1779 est
970 1719 1126 1794 gradatim

122 1826 295 1888 desinendi.
337 1825 425 1887 Vale.
542 1843 546 1848 ·
1147 1836 1176 1881 15

530 1941 582 2002 ae.
612 1940 710 2020 (xv.)

332 2088 361 2139 Ο.
387 2087 532 2138 PLINIUS
554 2086 770 2138 VALERIANO
795 2086 863 2138 SUO
886 2087 912 2138 S.

319 2223 389 2273 How
400 2223 461 2272 does
474 2221 701 2272 Valentinianae
714 2223 756 2272 his
769 2221 934 2284 reauferre?

87 2371 102 2416 1
164 2355 231 2426 Quo
240 2355 332 2414 modo
342 2360 375 2415 te
384 2359 504 2414 veteres
517 2353 614 2413 Marsi
624 2353 696 2412 tui?
719 2372 780 2431 quo
791 2354 883 2412 niodo
892 2352 1009 2430 emptio
1021 2354 1126 2412 nova?

64 2455 69 2461 ’
123 2459 256 2520 Placent
267 2459 342 2535 agri,
353 2465 520 2536 postquam
528 2458 576 2519 tui
588 2458 665 2518 faeti
678 2461 776 2518 sunt?
813 2459 932 2517 Rarum
941 2458 975 2516 id
984 2457 1125 2535 quidem:

87 2581 103 2626 a
123 2565 206 2624 nihil
220 2564 305 2625 enim
320 2583 417 2642 aeque
435 2569 558 2640 gratum
574 2570 622 2624 est
638 2563 761 2641 adeptis
776 2583 869 2641 quam
884 2562 1127 2640 eoncupiscenti-

124 2671 191 2731 bus.
234 2671 287 2729 Me
307 2669 436 2746 praedia
456 2675 598 2728 materna
613 2688 722 2746 parurn
739 2669 899 2728 commode
916 2674 1062 2742 tractant,
1079 2668 1128 2726 de·

124 2775 243 2836 lentant
270 2782 377 2835 tamen
407 2781 443 2834 ut
471 2780 621 2850 materna,
648 2781 679 2834 et
707 2774 825 2852 alioqui
854 2773 947 2850 longa
973 2773 1128 2850 patientia
1147 2766 1180 2827 20'

125 2880 265 2940 oeoallui.
323 2881 452 2940 Habent
472 2880 556 2939 hune
577 2879 671 2939 finem
695 2857 844 2939 adsiduae
867 2878 1023 2956 querellae
1043 2878 1126 2955 quod

25 3059 28 3063 ι
125 2985 215 3063 queri
236 2986 341 3064 pudet.
384 2986 472 3047 Vale.

526 3097 578 3158 2⁷.
608 3095 742 3175 (nvn.)

389 3243 417 3292 C.
444 3243 587 3293 PLINIUS
611 3241 730 3292 GALLO
754 3241 821 3291 SUO
845 3241 870 3291 S.

330 3378 500 3439 Desemption
513 3378 546 3440 of
554 3377 660 3437 Pliny's
672 3375 837 3426 Laroeatr'ne
849 3377 923 3425 oilla.

17 3534 25 3557 κ
90 3532 104 3577 1
166 3509 294 3570 Miraris
307 3528 364 3593 qur
377 3529 427 3571 me
443 3510 679 3574 Laurentinum
690 3510 759 3588 rel,
771 3508 803 3572 si
811 3509 867 3569 ita
874 3505 1162 3578 mariammes

46 3664 49 3669 ,
111 3629 216 3672 meum
240 3619 331 3678 tanto
353 3638 454 3701 opere
477 3623 643 3687 delectet:
668 3622 806 3686 desines
826 3613 962 3685 uina-ri,
977 3623 1060 3664 eum
1076 3609 1197 3663 aeguo
