2512 3870
157 139 200 204 62
580 149 609 200 c.
632 149 732 199 111111

157 323 292 383 fluantl’
333 323 422 383 Haec
445 321 555 401 putavi
577 321 672 382 altius
687 327 719 381 et
733 321 822 398 qnasi
838 322 959 381 alonte
980 321 1158 399 repetenda,
1180 338 1207 383 ro

158 449 219 508 quo
240 429 340 505 magis
362 429 457 489 scires
480 447 573 506 quam
597 435 718 504 gratnm
741 427 820 487 inihi
834 428 925 502 foret,
942 427 969 488 si
984 427 1159 505 susciperes

158 535 241 613 quod
269 534 406 609 iniungo.
450 533 584 608 Iniungo
609 539 713 592 autem
737 539 769 592 et
793 552 850 610 pro
872 533 918 592 rei
942 532 1159 608 magnitudine

159 659 232 715 rogo
247 647 283 698 ut
296 622 336 698 es
350 639 439 717 copia
461 639 680 712 studiosorum,
696 657 776 715 quae
791 639 831 697 ad
846 644 877 697 te
893 657 931 697 ex
953 637 1160 698 admiratione

123 745 277 821 aingenii
304 745 352 803 tui
380 744 534 818 convenit,
563 743 797 821 circumspicias
832 749 1048 822 praeceptores
1081 762 1160 821 quos

159 851 329 911 sollicitare
357 849 522 927 possimus,
551 849 609 909 snb
637 867 674 908 ea
700 854 805 908 tamen
833 849 1014 908 condicione
1042 867 1081 908 ne
1110 848 1161 908 cui

141 954 144 961 '
158 957 252 1016 fidem
268 975 367 1015 meam
381 955 582 1029 obstringam.
625 954 739 1014 Omnia
752 954 836 1013 enirn
856 954 956 1014 libera
976 954 1161 1031 parentibus

159 1082 256 1123 servo.
299 1061 354 1120 ,1111
369 1061 518 1135 iudicent,
533 1060 581 1118 1111
596 1060 729 1145 eligant:
752 1078 809 1136 ego
823 1059 901 1118 mihi
915 1079 1020 1119 curam
1035 1065 1162 1119 tanturn

159 1173 191 1227 et
213 1167 396 1246 inpendium
417 1165 550 1225 vindico.
593 1165 730 1225 Proinde
752 1165 780 1225 si
803 1165 873 1243 quis
896 1165 994 1224 fuerit
1016 1172 1163 1243 repertus
1184 1183 1211 1227 11

111 1290 140 1336 10
159 1273 214 1351 qui
235 1272 360 1349 ingenio
376 1291 431 1331 suo
445 1271 530 1346 fidat,
546 1277 596 1330 eat
611 1271 686 1330 illuc
701 1288 738 1330 ea
750 1268 820 1346 lege
834 1275 871 1330 ut
884 1270 958 1330 hinc
972 1269 1053 1329 nihil
1073 1270 1163 1330 aliud

159 1383 277 1438 certum
292 1395 386 1454 quarn
400 1375 547 1435 fiduciam
562 1394 650 1435 suam
665 1377 755 1435 ferat.
797 1374 884 1437 Vale.
932 1370 935 1377 ’

560 1539 613 1634 aa
642 1538 759 1618 (xvi.)

304 1669 335 1721 C.
358 1668 502 1720 PLINIUS
525 1667 687 1718 VALERIO
710 1668 871 1718 PAULINO
895 1668 963 1719 SUO
986 1668 1014 1719 S.

380 1800 383 1806 ’
437 1785 544 1847 Pliay's
555 1791 663 1855 oratory
675 1787 742 1834 111113
754 1787 889 1847 appronat.

201 1904 310 1964 Gaude
332 1921 408 1977 mec,
428 1902 527 1976 gaude
547 1905 611 1975 tuo,
634 1901 733 1976 gaude
755 1901 849 1960 etiam
872 1902 997 1979 publico
1018 1901 1164 1962 nomine:
1186 1917 1199 1962 1

161 2009 262 2076 adhuc
277 2009 376 2067 honor
391 2006 505 2067 studiis
524 2007 625 2065 durat.
668 2007 813 2073 Proxime
829 2026 898 2066 cnm
916 2007 1058 2067 dicturus
1078 2009 1166 2086 apud

161 2116 371 2175 centumviros
392 2134 501 2189 essem,
521 2115 655 2174 adeundi
676 2115 754 2173 mihi
775 2115 860 2174 locus
880 2115 943 2175 nisi
960 2134 979 2174 a
1000 2114 1165 2189 tribunali,
1201 2092 1203 2098 Ι

113 2239 141 2285 15
161 2220 223 2281 nisi
248 2239 303 2299 per
323 2221 408 2298 ipsos
429 2220 547 2280 iudices
568 2240 630 2278 non
651 2220 729 2279 fuit:
759 2226 849 2280 tanta
869 2220 1039 2297 stipatione
1059 2225 1166 2279 cetera

161 2326 356 2385 tenebantur.
399 2326 450 2384 Ad
474 2325 533 2384 hoc
554 2326 681 2403 quidam
703 2332 830 2384 ornatus
852 2325 1034 2385 adulescens
1056 2325 1164 2386 scissis
1183 2337 1199 2382 2

161 2432 286 2506 tunicis,
311 2440 347 2490 nt
374 2431 408 2489 in
435 2431 614 2509 frequentia
640 2432 719 2491 solet
747 2431 825 2505 fieri,
849 2431 916 2491 sola
939 2431 1062 2491 velatus
1090 2437 1165 2507 toga

162 2537 312 2615 perstitit,
334 2542 366 2596 et
390 2536 516 2614 quidem
539 2536 624 2595 horis
648 2542 775 2614 septem.
818 2537 899 2595 Nam
926 2542 991 2595 tarn
1016 2536 1072 2595 diu
1095 2536 1164 2595 dixi

162 2662 275 2718 magno
289 2662 360 2702 cum
374 2642 488 2717 labore,
505 2642 621 2702 maiore
635 2660 705 2701 cnm
724 2642 837 2701 fructu.
882 2642 1069 2702 Studeamus
1091 2660 1165 2718 ergo
1184 2651 1199 2697 a

71 2740 76 2746 ’
114 2768 143 2814 20
163 2768 219 2808 uec
244 2748 383 2807 desidiae
408 2753 531 2807 nostrae
556 2748 796 2825 praetendamus
818 2747 960 2807 alienam.
1005 2746 1084 2806 Sunt
1109 2746 1164 2824 qni

163 2855 302 2928 audiant,
318 2859 391 2913 sunt
408 2853 462 2931 qui
477 2853 599 2928 legant,
614 2873 671 2912 nos
689 2855 779 2912 modo
797 2853 926 2928 dignum
948 2851 1070 2930 aliquid
1086 2853 1166 2912 auri·

162 2961 230 3035 bue,
246 2960 375 3035 dignum
390 2958 508 3019 chartis
523 2958 723 3019 elaboremus
766 2959 852 3019 Vale.

556 3127 609 3187 so.
638 3124 772 3202 (11111.)

351 3254 380 3305 C.
404 3254 547 3304 PLINIUS
571 3253 694 3302 ASINIO
719 3252 838 3302 GALLO
863 3252 930 3302 SUO
954 3251 979 3302 S.

291 3372 379 3433 Pliny
391 3372 551 3421 undertakes
563 3372 605 3420 tte
617 3384 676 3420 cose
689 3372 721 3433 of
732 3370 889 3420 Corellias's
900 3369 1039 3431 dnraeqhter.

193 3488 240 3546 Et
258 3487 415 3550 admones
440 3493 472 3549 et
496 3505 589 3566 rogas
609 3490 647 3546 ut
671 3485 842 3563 suscipiam
863 3503 989 3542 cansam
1011 3482 1169 3543 Corelliae
1191 3497 1202 3540 1

131 3589 287 3656 absentis
323 3603 442 3660 contra
477 3598 514 3662 Ο.
552 3593 746 3666 Caecilium,
781 3588 947 3650 consulem
977 3584 1191 3656 designatum.
