2512 3870
446 175 708 224 uersruunuuu
731 175 769 224 n.
790 176 829 226 u.
1094 164 1134 227 33

131 320 195 406 tem
224 345 360 405 medium
389 345 517 405 zotheca
543 365 693 423 perquam
721 348 880 423 eleganter
908 347 1034 422 recedit,
1056 339 1135 424 quae

133 452 347 529 specularibus
369 457 400 510 et
422 451 500 511 velis
522 452 664 511 obductis
688 453 863 513 reductisve
885 454 976 512 modo
1001 453 1136 512 adicitur

133 557 275 616 cubiculo
290 557 380 616 modo
392 557 541 617 aufertur.
585 559 715 616 Lectum
727 566 758 617 et
770 559 847 618 duas
859 559 1022 618 cathedras
1033 559 1134 636 capit:

133 682 152 722 a
168 638 413 740 pedibusinare,
429 681 448 722 a
466 668 555 738 tergo
571 662 674 737 villae,
690 665 824 749 acapite
840 664 954 725 silvae:
978 670 1025 723 tot
1040 665 1137 723 facies

81 781 113 825 22
132 767 269 828 locorum
284 768 415 827 totidem
436 768 584 827 fenestris
604 774 636 827 et
653 769 821 844 distinguit
839 775 870 828 et
888 770 1005 829 miscet.
1049 771 1138 828 lunc·
1157 780 1171 824 ⁵

133 879 202 933 tum
225 878 273 933 est
295 873 473 933 cubiculum
501 874 602 933 noctis
628 880 659 933 et
685 876 792 933 somni.
844 875 916 933 Non
942 875 1022 934 illud
1046 894 1137 934 voees

135 978 338 1054 servulorum,
353 998 416 1038 non
431 978 525 1039 maris
543 998 690 1054 murmur,
705 999 768 1039 non
783 985 1004 1057 tempestatum
1027 986 1136 1055 motus,

135 1104 197 1144 non
225 1084 387 1160 fulgurum
411 1084 517 1143 lumen
545 1101 580 1144 ac
609 1103 647 1144 ne
676 1085 759 1144 diem
787 1085 913 1162 quidem
941 1086 1047 1161 sentit,
1076 1086 1138 1145 nisi

135 1190 284 1250 fenestris
306 1191 432 1279 apertis.
452 1179 456 1189 ¹
475 1191 553 1250 Tam
576 1190 633 1250 alti
655 1191 817 1268 abditique
839 1192 951 1251 secreti
973 1192 1029 1250 illa
1048 1192 1137 1266 ratio,

135 1296 219 1372 quod
260 1295 449 1355 interiacens
486 1297 605 1355 andron
641 1297 793 1373 parietem
828 1296 963 1357 cubiculi
994 1297 1138 1374 hortique
1160 1309 1188 1354 10

136 1400 304 1477 distinguit
342 1406 436 1477 atque
473 1402 519 1460 ita
546 1420 669 1459 omnem
704 1421 813 1461 sonum
849 1402 950 1462 media
985 1403 1138 1462 inanitate

84 1514 116 1560 23
136 1505 299 1565 consumit.
349 1505 546 1583 Adplicitum
564 1512 613 1565 est
628 1507 770 1566 cubiculo
788 1506 1004 1587 hypocauston
1022 1508 1140 1584 perexi-

137 1630 240 1687 guum,
269 1590 353 1688 quod
380 1617 514 1687 angusta
542 1612 681 1671 fenestra
710 1613 906 1689 suppositum
934 1613 1075 1687 calorem,
1105 1618 1140 1672 ut

136 1717 217 1776 ratio
239 1716 348 1792 exigit,
368 1722 423 1776 aut
446 1717 580 1776 effundit
603 1723 657 1776 aut
685 1718 807 1776 retinet.
871 1719 1044 1776 Procoeton
1067 1718 1140 1778 inde

137 1828 169 1881 et
186 1821 364 1881 cubiculum
385 1821 556 1898 porrigitur
573 1823 607 1880 in
627 1822 732 1896 solem,
748 1841 841 1900 quem
862 1823 1013 1882 orientem
1034 1824 1141 1882 statim
1161 1838 1190 1883 15

137 1931 303 2005 exceptum
319 1926 404 1987 ultra
422 1927 584 1987 meridiem
604 1929 738 1988 oblicum
752 1928 879 2004 quidem
894 1929 948 1988 sed
962 1935 1070 1988 tamen¹
1082 1947 1141 1988 ser·

86 2043 117 2089 24
136 2037 199 2092 vat.
243 2032 283 2091 In
304 2032 385 2092 hanc
406 2051 463 2108 ego
484 2033 621 2092 diaetam
641 2052 712 2091 oum
733 2053 781 2092 me
802 2034 914 2111 recepi,
934 2035 1042 2094 abesse
1063 2034 1141 2093 mihi

137 2139 233 2197 etiam
256 2156 276 2198 a
295 2137 375 2197 villa
396 2156 465 2197 mea
486 2139 602 2213 videor,
627 2157 830 2216 magnamque
853 2139 920 2199 eius
948 2139 1142 2216 voluptatem

138 2243 304 2321 praecipue
339 2244 557 2304 Saturnalibus
593 2245 690 2321 capio,
719 2263 789 2303 cum
816 2245 938 2321 reliqua
965 2264 1037 2321 pars
1066 2245 1142 2305 tecti

94 2365 99 2374 ·
138 2348 269 2409 licentia
288 2349 410 2408 dierum
431 2349 585 2426 festisque
609 2349 794 2408 clamoribus
811 2356 972 2426 personat:
995 2370 1067 2410 nam
1085 2369 1142 2410 nec
1162 2363 1191 2407 ao

138 2454 206 2532 ipse
233 2473 372 2514 meorum
399 2454 520 2515 lusibus
545 2473 601 2514 nec
626 2454 676 2513 illi
704 2455 818 2514 studiis
846 2457 923 2515 meis
947 2457 1140 2534 obstrepunt.

87 2572 117 2618 25
138 2559 227 2620 Haec
240 2559 374 2635 utilitas,
389 2559 466 2619 haec
487 2561 658 2619 amoenitas
679 2559 824 2620 deficitur
842 2580 923 2638 aqua
937 2561 1071 2636 salienti,
1087 2562 1143 2622 sed

138 2671 249 2743 puteos
277 2684 313 2727 ac
341 2667 447 2744 potius
470 2665 574 2726 fontes
603 2665 714 2724 habet:
747 2672 821 2724 sunt
849 2666 931 2724 enim
957 2668 990 2724 in
1012 2685 1140 2725 summo.

138 2772 182 2830 Et
202 2771 328 2831 omnino
350 2770 451 2831 litoris
476 2771 563 2831 illius
592 2771 672 2830 mira
692 2776 818 2830 natura:
855 2789 1048 2847 quocumque
1076 2771 1143 2831 loco

139 2876 272 2936 moveris
293 2876 433 2950 humum,
449 2876 559 2936 obvius
581 2881 613 2935 et
634 2877 763 2953 paratus
785 2896 873 2934 umor
889 2877 1031 2950 occurrit,
1053 2877 1148 2954 isque
1163 2893 1192 2938 25

87 3011 90 3016 ·
139 2981 278 3041 sincerus
298 3000 333 3041 ac
354 3000 392 3040 ne
413 2980 524 3040 leviter
544 2981 668 3058 quidem
686 2987 776 3041 tanta
795 2983 888 3041 maris
905 2982 1066 3041 vicinitate
1081 3002 1143 3041 cor-

87 3102 117 3146 as
140 3092 259 3164 ruptus.
303 3086 482 3163 Suggerunt
499 3057 632 3146 aidfatim
653 3085 739 3162 ligna
753 3087 912 3163 proximae
928 3087 1043 3146 silvae:
1065 3093 1143 3147 cete-

139 3209 190 3251 ras
214 3191 319 3269 copias
345 3191 500 3252 Ostiensis
523 3192 645 3251 colonia
672 3192 838 3251 ministrat.
895 3192 991 3268 Frugi
1016 3193 1165 3270 quidem·

139 3296 259 3355 homiui
282 3295 396 3357 sufficit
415 3280 615 3356 etiam'vicus
635 3316 725 3374 quem
746 3316 809 3357 una
829 3296 906 3355 villa
920 3297 1086 3357 discernit:
1110 3299 1143 3356 in

139 3401 199 3461 hoc
220 3402 346 3462 balinea
368 3402 527 3461 meritoria
551 3402 622 3476 tria,
644 3421 757 3478 magna
777 3401 988 3476 commoditas
1012 3403 1039 3462 si
1060 3404 1143 3462 forte
1164 3420 1193 3463 se

139 3506 296 3570 balineum
322 3507 408 3568 domi
433 3507 484 3569 vel
511 3508 638 3578 subitus
662 3509 826 3572 aduentus
845 3507 906 3568 uel
922 3505 1062 3566 bremon
1081 3519 1181 3557 mnne·

71 3625 109 3671 27
126 3609 281 3672 calfacere
303 3613 506 3684 dissuadeat.
552 3622 656 3686 Litus
677 3625 806 3685 ornant
822 3616 997 3679 uarietate
1018 3596 1220 3680 &mm
