2512 3870
588 237 619 287 C.
642 237 740 286 PLINI

170 411 369 469 Liburnieam
393 411 511 486 aptari:
542 409 629 483 mihi,
658 410 685 469 si
714 411 820 469 venire
848 431 911 471 una
938 411 1060 485 uellem,
1082 411 1169 470 'facit

169 517 306 592 copiam:
329 516 476 591 respondi
497 515 623 575 studere
643 534 693 573 me
715 515 817 590 malle,
839 522 872 575 et
892 518 974 576 forte
995 517 1063 593 ipse
1084 516 1168 592 quod

170 621 335 681 scriberem
353 621 489 679 dederat.
532 620 758 695 Egrediebatur
780 604 887 681 domo:
910 622 1025 698 accipit
1046 622 1202 681 eodicil-8

170 726 216 786 los
244 726 395 785 Rectinae
423 726 549 784 Tasci
542 725 708 784 ruminenti
731 726 869 803 periculo
889 727 1059 786 exterritae
1082 726 1169 804 (nam

135 831 286 895 srilla'
260 850 328 890 erus
344 830 531 903 subiacebat
547 849 603 894 nec
626 829 691 889 ulla
710 830 773 890 nisi
793 832 927 891 navibus
948 832 1079 925 ῘιιΙςι);Ι
1078 838 1114 891 ut
1135 851 1168 892 se
1219 900 1223 908 Ι

169 941 258 995 tanto
272 935 445 995 discrimini
460 935 594 1011 eriperet
608 935 723 994 orabat.
766 935 871 995 Vertit
887 935 942 995 ille
955 914 1121 997 edusilium
1137 943 1168 996 et
1187 942 1202 986 9

170 1041 253 1117 qnod
268 1040 407 1100 studioso
421 1039 524 1098 animo
538 1040 739 1100 incohaverat
759 1041 827 1099 obit
846 1041 989 1100 maxime.
1032 1042 1169 1102 Deducit

170 1146 390 1222 quadriremes
405 1144 546 1204 ascendit
560 1144 636 1221 ipse,
646 1164 709 1204 non
723 1146 874 1205 Rectinae
885 1147 976 1205 modo
990 1147 1046 1207 sed
1060 1147 1169 1206 multis

172 1251 252 1325 (erat
276 1250 359 1308 eninr
388 1250 536 1325 frequens
564 1249 735 1309 amoenitas
755 1253 840 1329 orae)
862 1250 984 1311 laturus
1005 1252 1166 1311 auxilium.

123 1373 151 1416 10
173 1356 323 1431 Properat
338 1350 417 1412 illuc'
426 1354 510 1411 unde
524 1354 579 1412 alii
594 1354 731 1429 fugiunt,
744 1361 924 1432 rectumque
938 1375 1071 1429 cursum,
1084 1364 1170 1416 recta
1189 1366 1219 1410 10

80 1438 84 1449 ’
171 1458 412 1531 gubernacula'
405 1479 438 1516 ιιι
466 1459 638 1536 periculum
658 1466 754 1535 tenet,
732 1461 854 1520 tadeo
882 1461 1003 1521 solutus
1027 1467 1113 1522 metu
1134 1468 1169 1521 ut

171 1565 271 1624 omnis
300 1563 385 1637 illius
407 1564 481 1623 mali
503 1570 568 1623 nrot
569 1584 615 1639 us,
636 1565 737 1625 onrnis
758 1565 883 1642 figuras,
904 1572 941 1626 ut
962 1567 1169 1644 deprenderat

171 1669 278 1743 ortilis,
300 1668 432 1727 dictaret
456 1675 665 1746 enotaretque.
686 1650 778 1759 [Iam
799 1671 932 1732 navibus
953 1672 1033 1731 einis
1055 1673 1166 1731 incide·
1184 1677 1208 1722 11

172 1776 233 1848 bat,
262 1793 323 1851 qno
350 1774 478 1850 propius
507 1760 697 1849 accederent,
725 1775 856 1835 calidior
884 1784 915 1837 et
944 1777 1114 1852 densior,
1106 1797 1167 1837 ram

123 1900 152 1943 15
172 1881 310 1957 pumices
325 1879 419 1938 etiarn
433 1879 577 1955 nigrique
592 1886 624 1939 et
638 1881 775 1941 ambusti
789 1886 822 1940 et
835 1882 929 1942 fracti
945 1870 1016 1958 igne
1038 1866 1183 1987 lapides]

173 1980 240 2043 ianr'
255 1985 369 2043 vadum
392 1984 530 2043 subitum
558 1985 709 2061 ruinaque
736 1986 852 2046 montis
880 1986 975 2047 litora
1001 1989 1168 2049 obstantia

172 2092 343 2150 Cunctatus
357 2087 485 2165 paulurn
500 2108 540 2147 an
554 2096 636 2149 retro
657 2089 805 2165 flecteret,
820 2111 893 2151 mox
912 2093 1114 2168 gubernatori
1134 2102 1171 2155 ut

172 2196 218 2254 ita
231 2196 348 2253 faceret
363 2194 500 2252 monenti
518 2195 650 2255 ‘fortes'
665 2195 768 2272 inquit
791 2197 936 2257 ‘fortuna
955 2198 1060 2258 iuvat:
1082 2201 1171 2260 Pom-

172 2300 341 2377 ponianum
370 2299 459 2375 pete!
503 2298 619 2359 Stabiis
647 2305 723 2375 erat,
746 2301 921 2380 diremptus
949 2304 1021 2365 sinu
1048 2306 1220 2380 uredi031a

123 2424 153 2470 a)
172 2423 244 2463 uam
259 2403 375 2463 sensim
390 2402 584 2463 circumactis
598 2404 796 2482 curvatisque
807 2406 952 2469 litoribus
967 2428 1052 2469 mare
1067 2410 1172 2469 infun-

172 2509 266 2567 ditur.
311 2508 370 2581 lbi,
385 2527 573 2584 quamquam
587 2510 725 2568 nondum
740 2511 878 2587 periculo
889 2513 1171 2592 adpropinquante,
1216 2482 1248 2543 ὦ

173 2613 339 2690 conspicuo
353 2617 467 2686 tamen,
482 2619 597 2671 etcum
611 2621 771 2690 cresceret,
786 2616 935 2693 proximo,
952 2619 1090 2683 sarcinas
1102 2638 1181 2684 con-,

173 2719 289 2779 tulerat
304 2717 336 2774 in
355 2736 459 2789 nares,
475 2723 577 2777 certus
599 2719 702 2794 fugae,
719 2720 745 2779 si
766 2721 939 2783 contrarius
959 2729 1073 2785 ventus
1090 2722 1175 2785 'rese

174 2823 288 2897 disset3
311 2840 373 2898 quo
387 2826 461 2880 tuno
482 2824 654 2883 avunculus
675 2843 762 2884 meus
783 2826 1007 2887 secundissimo
1028 2829 1175 2890 invectus

29 2916 33 2925 ⁸
124 2945 154 2990 25
174 2926 379 3005 conplectitur
391 2926 608 3011 trepidantem,
619 2929 804 3003 consolatur,
814 2932 966 3008 hortatur,
976 2937 1075 3011 utque
1085 2934 1178 2995 timo-

174 3053 206 3091 re
209 3053 239 3090 m
254 3033 319 3092 eius
335 3051 391 3091 sua
406 3034 573 3091 securitate
587 3026 709 3107 leniret,
720 3033 857 3093 deferri
850 3055 884 3093 ιιι
897 3037 1057 3126 balineum
1070 3037 1175 3102 iubet.

174 3138 257 3197 lotus
272 3156 306 3196 ar
301 3137 409 3211 ·,cubat
425 3142 515 3215 cenat
529 3141 584 3195 aut
597 3136 707 3197 hilaris
729 3143 784 3197 aut
785 3140 892 3215 ,quod
905 3159 1002 3219 aeque
1015 3162 1177 3221 magnum,

175 3243 287 3302 similis
304 3242 432 3301 hilari
430 3241 581 3317 ¹Interim
596 3260 612 3299 e
626 3242 763 3302 Vesuvio
777 3249 882 3304 monte
893 3244 1058 3323 pluribus
1050 3268 1084 3307 ιιι
1098 3249 1179 3311 locis
1199 3253 1227 3299 13

175 3347 346 3407 latissimae
367 3310 510 3406 fiammae
531 3344 657 3423 altaque
678 3347 822 3407 incendia
839 3349 1028 3428 relucebant,
1043 3372 1179 3430 quorum

128 3470 158 3516 so
176 3452 280 3527 fulgor
295 3456 326 3510 et
340 3451 466 3511 claritas
481 3451 619 3510 tenebris
634 3452 734 3511 noctis
749 3453 951 3515 excitabatur.
964 3442 1055 3539 ]Ille
1076 3476 1181 3534 agres-

163 3556 244 3615 tium
277 3558 494 3638 trepidatione
523 3557 614 3635 ignes
640 3557 768 3617 relictos
791 3559 991 3634 desertasque
1006 3560 1104 3621 uillas
1122 3584 1182 3640 per

142 3662 367 3729 solitudinem
398 3668 520 3731 ardere
548 3666 588 3727 in
616 3665 799 3726 remedium
821 3659 1008 3720 tormidinis
1025 3660 1215 3723 diatritum,
