2512 3870
426 202 690 254 nrrsrurmamr
714 202 763 252 vr.
782 202 822 254 ro.
1085 193 1125 257 87
1220 160 1222 164 ’

120 372 414 459 circumiacentibus
436 365 543 451 tectis,
567 394 755 453 quamquam
783 375 829 437 in,
842 381 949 452 aperto
976 375 1052 450 loco,
1075 396 1126 435 au-

86 499 101 545 7
122 487 214 558 gusto
228 482 343 558 tamen',
359 501 490 557 magnus
507 486 538 540 et
561 487 663 540 certus
687 480 795 540 ruinae
818 486 929 539 metus.
973 482 1053 539 Tum
1077 481 1126 539 de-

122 607 207 646 mum
222 588 369 647 excedere
391 587 506 664 oppido
520 587 638 645 visum:
662 586 804 662 sequitur
818 586 931 662 vulgus
946 587 1124 662 attonitum,

122 693 266 770 quodque
281 693 315 751 in
329 711 443 770 pavore
464 692 566 751 sirrrile
589 691 784 768 prudentiae,
800 690 937 749 alienum
959 691 1124 751 consilium

123 816 179 857 suo
203 798 343 876 praefert
364 797 548 874 ingentique
573 797 696 872 agmine
719 795 862 856 abeuntis
887 797 1003 873 premit
1025 803 1057 855 et
1080 797 1158 866 iri-s

86 920 102 966 8
122 903 221 981 pellit.
264 903 391 978 Egressi
415 907 500 962 tecta
521 901 729 961 consistimus.
781 901 885 960 Multa
907 901 950 960 ibi
973 902 1123 975 miranda,

123 1008 238 1068 multas
254 1008 438 1067 formidines
454 1007 599 1085 patimur.
642 1007 726 1065 Nam
741 1005 887 1065 vehicula
900 1024 980 1084 qnae
995 1006 1124 1084 produci

123 1114 322 1190 iusseramus,
337 1132 526 1191 quamquam
549 1112 582 1170 in
604 1110 788 1188 planissimo
810 1130 928 1188 campo,
950 1111 984 1170 in
1007 1119 1125 1171 contra

123 1219 186 1278 rias
207 1225 312 1297 partes
333 1219 505 1294 agebantur
526 1236 561 1277 ac
585 1236 624 1276 ne
649 1216 807 1293 lapidibus
832 1216 959 1294 quidem
983 1216 1067 1277 fulta
1091 1217 1124 1275 in
1166 1242 1189 1279 rr

86 1337 104 1382 9
123 1324 231 1383 eodem
245 1324 379 1399 vestigio
400 1323 610 1401 quiescebant.
653 1322 821 1381 Praeterea
834 1340 920 1381 mare
935 1322 968 1380 in
983 1341 1016 1381 se
1031 1341 1125 1382 resor·
1144 1326 1188 1385 ro*

123 1429 188 1488 beri
210 1436 241 1489 et
261 1434 395 1489 tremore
423 1435 524 1488 terrae
549 1427 639 1505 quasi
663 1426 773 1503 repelli
799 1426 989 1487 videbamus.
1033 1428 1124 1488 Certe

123 1541 315 1612 processerat
328 1534 405 1594 litus
420 1533 581 1610 multaque
596 1532 746 1592 animalia
766 1531 860 1591 maris
884 1531 974 1591 siccis
998 1532 1123 1593 harenis

122 1641 291 1700 detinebat.
305 1634 321 1681 θ
335 1639 386 1698 Ab
400 1638 499 1699 altero
514 1638 611 1699 latere
625 1638 724 1697 nubes
742 1642 856 1697 straet
870 1636 1026 1696 horrenda
1040 1638 1123 1713 ignei

123 1746 253 1823 spiritus
281 1744 374 1805 tortis
398 1743 593 1821 vibratisque
618 1742 810 1802 discursibus
838 1748 932 1819 rupta
954 1743 987 1801 in
1015 1743 1124 1819 longas

122 1849 318 1911 flammarum
332 1849 449 1926 figuras
464 1827 660 1908 dehiscebat}
676 1848 855 1923 fulguribus
870 1847 944 1907 illae
959 1854 990 1907 et
1005 1848 1123 1910 similes
1143 1865 1172 1911 15

71 1974 103 2020 10
122 1963 154 2016 et
168 1957 300 2018 maiores
321 1965 418 2018 erant.
461 1958 542 2016 Tum
555 1976 629 2035 vero
651 1957 735 2017 idem
756 1956 811 2016 ille
825 1975 864 2016 ex
879 1955 1037 2033 Hispania
1051 1955 1125 2015 ami-

31 2144 36 2152 ,
122 2081 176 2123 cus
204 2062 306 2122 acrius
334 2069 367 2122 et
393 2062 565 2124 instantius
588 2063 631 2123 ‘si
651 2063 767 2122 frater'
789 2061 894 2139 inquit
923 2067 1021 2136 ‘tuus
1050 2067 1123 2121 tuus

122 2168 294 2228 avunculus
319 2167 407 2244 vivit,
430 2168 500 2229 vult
522 2187 589 2228 esse
614 2187 669 2228 vos
693 2168 813 2227 salvos:
837 2168 863 2227 si
891 2166 994 2246 periit,
1021 2184 1124 2244 super-

123 2273 213 2333 stites
229 2273 346 2333 voluit:
368 2256 498 2352 proinde
519 2273 597 2351 quid
617 2274 746 2333 cessatis
768 2273 943 2332 evadere?'
986 2272 1124 2348 Respon-

122 2378 226 2438 dimus
250 2398 313 2439 non
337 2378 556 2440 commissuros
581 2398 637 2439 nos
659 2384 695 2439 ut
716 2379 755 2438 de
778 2378 879 2439 salute
902 2378 988 2437 illius
1011 2377 1123 2437 incerti
1142 2389 1172 2434 ao

73 2503 101 2547 11
122 2490 247 2544 nostrae
273 2484 513 2545 consuleremus.
556 2485 630 2543 Non
657 2489 795 2544 moratus
817 2484 913 2559 ultra,
928 2483 1062 2561 proripit
1090 2502 1123 2542 se

121 2589 283 2667 effusoque
297 2572 389 2650 cursu
403 2589 544 2669 periculo
566 2590 717 2649 aufertur.
760 2590 828 2649 Nec
850 2589 951 2649 multo
973 2593 1055 2671 post,
1067 2587 1123 2647 illa

121 2694 220 2755 nubes
238 2694 425 2756 descendere
446 2695 480 2753 in
500 2700 609 2771 terras,
632 2695 753 2773 operire
774 2694 886 2754 maria:
910 2694 1051 2753 cinxerat
1069 2694 1123 2753 Oa

47 2806 60 2841 ι
121 2816 212 2877 preas
236 2805 268 2859 et
290 2800 511 2877 absconderat:
533 2799 650 2859 Miseni
667 2800 751 2877 quod
770 2799 926 2877 procurrit
940 2798 1214 2895 abstulerats

72 2912 101 2957 12
121 2904 202 2963 Tum
215 2910 316 2965 mater
330 2923 426 2980 orare,
440 2904 569 2979 hortari,
584 2905 690 2964 iubere
705 2924 829 2983 quoquo
851 2905 942 2962 modo
962 2903 1121 2979 fugerem3
1141 2918 1170 2962 25

121 3028 212 3087 posse
232 3009 317 3069 enirn
337 3009 490 3085 iuvenem,
507 3028 540 3071 se
554 3016 586 3069 et
597 3010 688 3070 annis
703 3016 734 3069 et
748 3029 874 3087 corpore
896 3027 1021 3085 gravem
1044 3008 1121 3067 bene

121 3115 313 3191 morituram,
329 3115 357 3175 si
371 3114 450 3174 mihi
471 3133 565 3175 causa
585 3115 696 3175 mortis
718 3135 781 3174 non
799 3115 921 3175 fuisset.
964 3114 1031 3190 Ego
1054 3131 1122 3172 con-

109 3220 316 3327 ,traAsalvum
330 3238 379 3280 me
394 3219 456 3280 nisi
477 3238 616 3309 unapron
630 3221 786 3281 futurum:
812 3220 885 3279 dein
907 3238 1032 3278 manum
1054 3218 1121 3276 eius

120 3325 294 3402 amplexus,
309 3318 424 3386 addere
445 3325 575 3401 gradum
591 3344 674 3402 cogo.
706 3324 812 3385 ·Paret
833 3343 923 3400 aegre
937 3329 1121 3399 incusatque

70 3450 101 3496 13
120 3449 153 3492 se
175 3431 260 3508 quod
286 3449 335 3491 me
363 3437 509 3491 moretur.
553 3434 620 3491 Iam
647 3431 735 3511 cinis,
757 3430 858 3490 adhuc
882 3435 992 3489 tamen
1016 3446 1126 3485 rarusx
1141 3445 1177 3486 sn

116 3536 249 3611 respicio
254 3558 266 3612 ,¹
289 3536 388 3598 densa
412 3536 515 3618 call‘go
540 3539 644 3620 tergis
668 3539 877 3613 imminebat,
901 3551 987 3612 quae
1009 3547 1077 3587 uns
1091 3532 1160 3579 tm-

99 3638 202 3697 rentr's
228 3642 327 3704 modo
354 3644 473 3712 infusa
500 3655 619 3717 terrae
645 3650 869 3735 sequebatur.
920 3616 1186 3698 ‘belismum'
