2512 3870
569 187 599 238 C.
623 187 722 237 PLINI

443 637 585 701 LIBER
616 637 863 702 SEPTIMUS.

583 855 729 942 100.)

342 1015 372 1066 C.
395 1014 538 1065 PLINIUS
562 1014 798 1065 CALPURNIAE
823 1014 917 1065 SUAE
939 1014 966 1068 S.

559 1161 584 1210 A
597 1163 653 1211 love
666 1163 749 1212 letter.

195 1307 382 1366 Incredibile
404 1313 452 1366 est
472 1313 588 1383 quanto
608 1306 764 1365 desiderio
781 1306 829 1365 tui
846 1313 962 1367 tenear.
1005 1307 1045 1367 In
1063 1320 1189 1370 causa1

154 1432 239 1472 amor
268 1413 412 1489 primum,
441 1412 553 1470 deinde
582 1413 665 1488 quod
696 1432 758 1471 non
785 1413 1002 1473 consuevimus
1037 1415 1155 1475 abesse.

154 1518 232 1576 inde
247 1524 295 1577 est
314 1517 396 1594 quod
418 1535 563 1592 magnam
584 1517 722 1576 noctium
744 1523 865 1594 partem
887 1518 920 1576 in
941 1518 1080 1594 imagine
1102 1523 1158 1579 tua

155 1623 230 1698 vigil
246 1622 345 1696 exige,
360 1622 432 1680 inde
448 1622 530 1698 quod
551 1622 688 1680 interdiu
700 1622 813 1699 quibus
828 1622 913 1682 horis
925 1629 956 1682 te
967 1623 1069 1683 visere
1082 1624 1158 1684 sole-

119 1737 134 1782 5
153 1729 224 1788 bam
239 1729 279 1787 ad
294 1729 430 1787 diaetam
445 1733 530 1786 tuarn
542 1728 602 1803 ipsi
617 1746 675 1801 me,
691 1733 727 1785 ut
742 1728 904 1788 verissime
920 1728 1044 1804 dicitur,
1060 1731 1157 1807 pedes

153 1834 280 1908 ducunt,
295 1833 378 1909 quod
393 1832 527 1909 denique
542 1850 633 1908 aeger
648 1837 679 1891 et
693 1839 832 1893 maestus
850 1852 885 1892 ac
900 1833 1013 1893 similis
1028 1835 1158 1895 excluso

152 1957 171 1998 a
198 1957 295 1997 vacuo
323 1937 430 1996 limine
459 1937 577 1996 recedo.
634 1939 742 1997 Unum
770 1943 893 2015 tempus
918 1938 968 1999 his
989 1940 1157 2000 tormentis

152 2049 246 2118 caret,
265 2062 326 2120 quo
348 2043 382 2100 in
402 2042 471 2100 foro
493 2043 662 2101 amicorum
686 2042 796 2101 litibus
818 2048 968 2102 conteror.
1011 2044 1158 2105 Aestima
1177 2060 1192 2104 2

152 2155 187 2208 tu
210 2167 289 2224 quae
312 2148 378 2206 vita
398 2166 468 2206 mea
489 2148 540 2223 sit,
562 2148 613 2207 cui
634 2148 756 2224 requies
777 2147 811 2206 in
831 2147 945 2224 labore,
967 2148 1001 2206 in
1028 2149 1158 2210 miseria

104 2265 133 2310 10
154 2254 297 2331 curisque
312 2252 469 2313 solacium.
512 2254 599 2315 Vale.

569 2451 621 2512 ¹76.
651 2447 737 2527 (111.)

277 2608 307 2658 C.
334 2606 476 2657 PLINIUS
499 2603 646 2654 FABATO
669 2602 882 2654 PROSOCERO
907 2603 974 2654 SUO
998 2604 1023 2655 S.

371 2749 477 2811 Pb'ny’s
489 2761 619 2811 genereus
632 2747 745 2808 barcula
759 2746 820 2794 wilt
837 2745 962 2796 Corellia.

192 2891 319 2950 Miraris
334 2892 417 2967 quod
432 2892 574 2963 Hermes,
591 2889 721 2947 libertus
737 2907 833 2962 meus,
843 2887 1048 2947 hereditarios
1063 2907 1158 2965 agros
1179 2908 1192 2952 1

151 3015 228 3073 quos
244 3015 299 3072 ego
313 2996 464 3055 iusseram
485 2993 635 3073 proscribi
655 3012 717 3051 non
733 2998 916 3069 exspectata
934 2992 1078 3052 auctione
1098 3014 1158 3072 pro

151 3120 219 3160 meo
239 3101 411 3178 quincunce
433 3119 471 3159 ex
494 3098 701 3177 septingentis
724 3097 853 3157 milibus
873 3097 1025 3157 Corelliae
1048 3099 1159 3158 addix-

151 3207 218 3265 erit.
261 3207 371 3266 Adicis
386 3207 443 3265 hos
458 3204 625 3280 nongentis
643 3203 771 3261 milibus
786 3221 877 3278 posse
893 3202 999 3262 venire
1014 3221 1050 3262 ac
1064 3209 1159 3264 tanto

103 3328 131 3372 15
151 3312 250 3387 magis
272 3312 395 3389 quaeris
417 3331 457 3370 an
478 3310 560 3387 quod
583 3309 680 3386 gessit
700 3312 803 3366 ratum
825 3326 955 3367 servem.
997 3308 1065 3384 Ego
1079 3328 1193 3379 verce

152 3436 257 3476 servo:
281 3417 394 3493 quibus
409 3436 448 3474 ex
463 3416 574 3488 causis,
590 3413 703 3490 accipe.
747 3413 846 3489 Cupio
865 3413 948 3470 enim
967 3418 999 3471 et
1013 3412 1073 3473 tibi
1088 3435 1160 3493 pro

135 3520 247 3581 batum
273 3529 305 3583 et
327 3522 540 3585 coheredibus
562 3520 644 3581 111013
661 3522 848 3578 excusatum
865 3535 935 3573 esse
952 3518 1040 3589 duob,
1050 3537 1106 3575 133
1118 3522 1163 3579 ab

71 3608 80 3631 ⁵
113 3623 190 3688 illis
199 3632 331 3696 maiore
343 3634 451 3698 officio
465 3634 606 3696 iubente
617 3643 764 3692 secerno.
799 3616 976 3680 Corelliam
984 3633 1233 3676 cuiusuis-inas
