2512 3870
161 146 203 209 52
288 210 296 221 ,
584 163 614 213 c.
635 162 735 212 mnu

160 329 268 390 mines.
311 332 395 391 Nam
410 350 480 391 cum
495 332 528 392 in
543 334 686 394 omnibus
702 335 793 394 rebus
815 340 881 393 tum
902 334 936 393 in
958 333 1162 411 disponendis

159 437 365 498 facultatibus
387 438 556 516 plurimum
578 440 637 500 tibi
658 446 690 500 et
711 460 786 500 usus
814 448 846 501 et
871 439 1087 518 providentiae
1115 460 1162 502 su·

159 548 272 620 perest.
314 544 401 604 Vale.

569 717 623 778 40.
651 715 751 795 (xx.)

322 884 352 935 C.
378 884 522 936 PLINIUS
545 885 676 937 MESSIO
700 886 853 937 MAXIMO
876 885 944 938 SUO
967 886 993 937 S.
1020 935 1022 943 .

477 1033 532 1083 Tbe
545 1034 627 1084 balloc
640 1035 669 1084 in
682 1035 724 1084 tlte
739 1033 842 1084 Sonare.

62 1259 66 1266 Ι
198 1179 414 1238 Meministine
425 1185 456 1238 te
468 1198 560 1257 saepe
574 1179 688 1255 legisse
703 1185 837 1257 quantas
852 1180 1066 1241 contentiones
1081 1181 1163 1241 exci-
1183 1196 1197 1249 1

123 1296 138 1340 5
158 1285 235 1345 tarit
249 1285 300 1343 lex
315 1284 480 1344 tabellaria
498 1291 712 1362 quantumque
728 1285 789 1362 ipsi
804 1286 897 1345 latori
914 1285 962 1345 vel
977 1286 1095 1361 gloriae
1109 1287 1162 1346 vel

158 1390 408 1468 reprehensionis
433 1390 602 1449 attulerit?
651 1390 696 1449 At
717 1411 799 1450 nunc
821 1391 852 1449 in
875 1397 986 1451 senatu
1007 1391 1074 1450 sine
1095 1391 1199 1460 ulla2

159 1495 352 1556 dissensione
373 1496 432 1554 hoc
452 1495 535 1554 idem
557 1501 592 1555 ut
613 1496 766 1573 optimum
787 1496 921 1574 placuit:
948 1515 1055 1556 omnes
1069 1498 1164 1557 corni-

158 1601 273 1661 tiorum
302 1601 352 1660 die
379 1601 512 1661 tabellas
534 1602 779 1678 postulaverunt.
822 1603 1063 1662 Excesseramus
1086 1618 1200 1667 sanet

158 1702 336 1767 manifestis
364 1706 429 1765 illis
458 1706 636 1784 apertisque
665 1707 1016 1783 suffragiis-licentiam
1045 1709 1166 1768 contio

109 1824 137 1869 10
157 1832 241 1872 num.
283 1813 357 1871 Non
377 1817 500 1889 tempus
522 1812 680 1889 loquendi,
695 1832 758 1871 non
774 1812 898 1872 tacendi
919 1813 1081 1889 modestia,
1097 1834 1165 1874 non

158 1918 292 1995 denique
308 1917 436 1978 sedendi
452 1917 589 1992 dignitas
604 1918 846 1977 custodiebatur.
889 1919 999 1995 Magni
1018 1919 1164 1997 undique
1184 1931 1199 1983 t

157 2023 337 2100 dissonique
357 2022 516 2097 clamores,
532 2023 756 2099 procurrebant
770 2042 877 2083 omnes
891 2043 962 2082 oum
977 2024 1042 2084 suis
1057 2025 1165 2084 candi-

65 2195 69 2207 .
157 2129 249 2202 datis,
261 2128 361 2187 multa
372 2127 497 2202 agmina
511 2128 544 2185 iu
559 2128 661 2186 medio
675 2128 828 2206 multique
843 2128 952 2188 circuli
967 2135 999 2188 et
1013 2129 1165 2191 indecora

156 2233 314 2293 confusio:
346 2233 422 2292 adeo
445 2232 675 2293 desciveramus
699 2252 718 2293 a
739 2233 962 2293 consuetudine
983 2239 1163 2312 parentum,

108 2353 135 2398 15
156 2339 241 2416 apud
255 2358 332 2416 quos
347 2337 451 2397 omnia
466 2338 620 2414 disposita
640 2338 800 2398 moderata
820 2339 1001 2416 tranquilla,
1017 2339 1164 2402 maiesta-

155 2450 220 2503 tem
248 2443 308 2502 loci
335 2443 547 2520 pudoremque
572 2443 757 2502 retinebant.
801 2444 977 2521 Supersunt
998 2463 1098 2521 senes,
1121 2457 1196 2507 exo

156 2549 269 2627 quibus
297 2548 404 2608 audire
433 2547 517 2608 soleo
544 2548 627 2607 hunc
652 2549 791 2608 ordinem
817 2549 1029 2608 comitiorum:
1059 2551 1163 2613 citato

155 2655 280 2714 nomine
302 2653 463 2713 candidati
485 2652 645 2713 silentium
668 2674 838 2730 summum;
868 2654 992 2715 dicebat
1013 2655 1081 2733 ipse
1102 2677 1163 2735 pro

155 2780 197 2835 se,
220 2759 398 2838 explicabat
418 2759 517 2817 vitam
542 2778 639 2834 suam,
662 2765 758 2818 testes
787 2765 819 2819 et
845 2759 1024 2820 laudatores
1052 2761 1161 2838 dabat,

105 2884 135 2929 20
155 2865 205 2925 vel
221 2885 291 2925 euru
307 2865 364 2924 sub
378 2884 439 2941 quo
454 2864 646 2932 militaverat
659 2865 710 2923 vel
730 2884 800 2924 euru
820 2865 871 2924 cui
892 2872 1038 2943 quaestor
1052 2866 1162 2928 fuerat

154 2971 205 3030 vel
226 2976 403 3047 utrumque,
421 2969 447 3029 si
467 2975 598 3047 poterat,
620 2970 757 3029 addebat
778 2971 928 3047 quosdam
949 2989 988 3029 ex
1010 2971 1161 3049 suffraga-

153 3075 290 3136 toribus:
319 3074 369 3141 illi
391 3075 528 3150 graviter
550 3080 582 3134 et
603 3075 710 3152 paucis
738 3075 954 3152 loquebantur.
998 3075 1076 3136 Plus
1098 3076 1194 3138 11006
1214 3116 1217 3121 «

154 3200 248 3259 quam
270 3198 375 3258 preces
397 3181 551 3257 proderat.
593 3181 667 3239 Non
697 3199 866 3257 numquam
895 3181 1081 3242 candidatus
1102 3189 1159 3243 aut

39 3356 42 3361 p
153 3286 274 3347 natales
302 3285 515 3363 competitoris
537 3290 592 3344 aut
613 3304 711 3345 annos
733 3286 904 3345 autetiam
925 3305 1026 3346 mores
1051 3306 1158 3364 argue

104 3412 132 3458 aa
153 3393 215 3453 bat.
258 3389 412 3451 Audiebat
434 3395 560 3449 senatus
582 3390 736 3465 gravitate
761 3391 908 3450 censoria.
951 3392 1004 3450 Ita
1031 3392 1173 3470 saepius

139 3495 234 3570 digni
254 3484 361 3573 quam
375 3494 511 3576 gratiosi
528 3494 765 3575 praevalebant.
804 3496 988 3565 <nuncnunc
999 3496 1204 3558 inmodicos·

116 3599 238 3663 farore
265 3611 436 3688 corrupta,
460 3606 504 3670 ad
527 3604 634 3675 tacita
655 3601 814 3678 sullrag'ia
833 3599 930 3675 quasi
946 3598 992 3655 au
1005 3596 1188 3653 remedium
