2512 3870
158 158 199 219 32
586 171 615 221 c.
636 170 736 219 Pnnu

156 347 224 400 tur:
261 361 333 400 nam
361 342 470 417 buxus,
493 362 555 418 qua
584 348 673 419 parte
702 343 882 402 defenditur
910 344 1011 420 tectis,
1033 345 1159 405 abunde

156 446 254 522 viret5
290 453 397 523 aperto
418 447 502 506 caelo
528 454 695 524 apertoque
718 434 810 507 terito
831 454 862 507 et
884 468 1071 527 quamquam
1093 450 1159 510 lon·
1227 508 1230 513 ,

157 551 274 628 ginqna
301 552 470 629 aspergine
492 553 587 612 maris
615 553 769 612 inarescit.
827 554 959 613 Adiacet
987 556 1158 630 gestationi
1180 573 1205 618 lt

156 657 303 715 interiore
332 657 496 717 circumitu
525 657 623 743 Q
643 664 750 717 tenera
777 664 808 717 ct
835 659 981 719 umbrosa
1001 661 1157 739 nudisque
1244 640 1248 653 .

122 763 251 821 tetiam
280 762 411 839 pedibus
440 763 544 821 mollis
579 769 611 822 et
645 763 766 822 cedens.
823 765 959 823 Hortum
996 785 1100 826 morus
1124 774 1157 828 et

156 867 233 926 ficus
254 868 403 943 frequens
427 868 532 943 vestit,
555 888 685 945 quarum
708 869 851 928 arborum
872 869 929 929 illa
950 870 999 929 vel
1021 872 1157 932 maxime

156 972 245 1031 ferax
270 980 353 1032 terra
377 980 434 1049 est,
459 974 625 1049 malignior
650 975 769 1034 ceteris.
822 976 893 1034 Hac
915 995 978 1034 non
1003 977 1157 1036 deteriore

157 1097 249 1155 quam
264 1081 358 1138 maris
373 1079 455 1138 facie
469 1080 592 1138 cenatio
606 1085 725 1138 remota
738 1100 757 1139 a
770 1080 849 1139 mari
864 1080 996 1140 fruitur:
1019 1081 1157 1157 cingitur

156 1183 269 1243 diaetis
291 1184 409 1244 duabus
431 1204 449 1244 a
470 1191 566 1260 tergo,
581 1205 712 1261 quarum
733 1185 881 1244 fenestris
904 1186 1043 1246 subiacet
1064 1189 1158 1248 vesti-

108 1301 137 1346 10
156 1289 263 1348 bulum
285 1288 379 1348 villae
401 1296 432 1348 et
452 1289 560 1349 hortus
582 1290 662 1349 alius
684 1290 809 1367 pinguis
831 1296 862 1349 et
883 1291 1026 1351 rusticus.
1070 1293 1157 1353 Hinc
1179 1307 1208 1353 16

156 1395 405 1472 cryptoporticus
420 1396 522 1471 'prope
544 1395 662 1472 publici
683 1395 785 1472 operis
807 1395 994 1455 extenditur.
1038 1398 1157 1459 Utrim-
1231 1475 1235 1484 Ι

155 1517 215 1575 que
243 1499 410 1573 fenestrae,
440 1517 459 1557 a
486 1498 565 1557 mari
593 1498 706 1575 plnres,
736 1498 775 1558 ab
803 1499 894 1557 horto
923 1498 1073 1575 singulae,
1102 1499 1159 1558 sed

156 1603 286 1662 alternis
311 1603 478 1680 pauciores.
522 1603 601 1676 Hae,
624 1610 694 1660 cuin
720 1621 846 1663 serenus
868 1603 935 1663 dies
958 1609 989 1662 et
1009 1603 1158 1679 inmotus

157 1725 272 1781 ornnes,
295 1725 364 1764 cum
391 1706 465 1764 hinc
493 1705 543 1763 vel
572 1705 645 1763 inde
673 1704 775 1764 ventis
797 1705 965 1781 inquietus,
988 1724 1050 1783 qna
1070 1706 1159 1766 venti

109 1812 330 1887 requiescunt,
361 1810 427 1870 sine
462 1810 578 1869 iniuria
605 1815 722 1887 patent.
778 1809 862 1868 Ante
890 1811 1159 1888 cryptoporticum
1181 1827 1211 1874 1⁷

158 1922 270 1994 xystus
292 1894 384 1975 virilis
406 1916 567 1974 odoratus:
596 1922 735 1992 teporem
757 1914 832 1974 solis
853 1915 951 1974 infusi
973 1935 1159 1994 repercussu

158 2021 407 2099 cryptoporticus
426 2026 527 2096 auget,
544 2039 622 2096 quae
642 2026 677 2079 ut
694 2026 781 2079 tenet
802 2020 898 2079 solem
916 2020 960 2079 sic
980 2021 1160 2099 aquilonem
1231 2090 1235 2097 ¹

158 2125 280 2186 inhibet
301 2131 545 2204 surnmovetque,
567 2133 779 2202 quantumque
801 2125 912 2185 caloris
937 2133 1009 2185 ante
1034 2133 1160 2188 tantum

158 2239 240 2290 retro
255 2232 390 2307 frigoris.
436 2231 587 2290 Similiter
601 2231 745 2290 Africum
767 2232 861 2308 sistit,
877 2239 971 2311 atque
992 2234 1038 2294 ita
1058 2235 1160 2294 diver-

109 2349 138 2394 20
158 2337 297 2397 sissimus
312 2343 421 2397 ventos
436 2338 533 2397 alium
549 2338 612 2396 alio
633 2338 729 2396 latere
752 2338 872 2414 frangit
893 2343 925 2397 et
945 2338 1024 2398 finit.
1067 2340 1159 2400 Haec
1181 2352 1210 2398 18

157 2442 335 2503 iucunditas
360 2444 426 2504 cius
447 2444 558 2519 hieme,
580 2445 677 2504 maior
698 2452 825 2505 aestate.
871 2447 954 2506 Nam
975 2452 1047 2507 ante
1068 2447 1159 2506 meri-

158 2548 240 2607 diem
261 2555 397 2628 xystinn,
413 2530 483 2627 post
505 2551 665 2610 meridiem
687 2553 870 2627 gestationis
891 2553 1036 2629 hortique
1056 2554 1160 2631 proxi-

157 2673 239 2714 mam
259 2662 380 2732 partem
401 2657 510 2716 umbra
538 2676 594 2716 sua
620 2663 781 2735 temperat,
804 2677 891 2735 quae,
914 2665 949 2718 ut
970 2659 1036 2719 dies
1057 2660 1160 2720 crevit

105 2831 111 2843 ,
157 2761 343 2837 terrenae,
359 2764 449 2822 mono
464 2741 595 2823 brevior
608 2766 697 2823 moto
714 2765 834 2841 longior
852 2765 911 2824 hae
925 2765 975 2824 vei
991 2765 1047 2825 uu
1060 2766 1157 2826 canit.

108 2878 137 2924 25
157 2866 232 2943 Ipsa
256 2886 329 2951 uero
354 2869 603 2946 cryptoporticus
632 2876 696 2928 tum
723 2871 856 2930 maxime
881 2877 965 2930 caret
990 2871 1063 2945 sole,
1085 2888 1160 2930 cnm
1182 2880 1210 2926 10

157 2974 394 3035 ardentissimus
412 2976 541 3035 culmini
564 2977 630 3035 eins
652 2977 779 3038 insistit.
823 2978 874 3037 Ad
895 2979 953 3037 hoc
975 2977 1159 3055 patentibus

156 3078 304 3139 fenestris
319 3081 462 3140 favonios
477 3082 590 3158 accipit
601 3083 850 3161 transmittitque
861 3103 917 3142 nec
929 3103 1075 3161 umquam
1086 3092 1160 3143 aere

156 3185 246 3263 pigro
267 3192 298 3245 et
320 3193 463 3246 manente
481 3188 678 3263 ingravescit.
722 3189 880 3266 incapite
903 3189 989 3268 xysti
1008 3188 1159 3265 deinceps
1180 3196 1209 3241 ao

156 3292 406 3370 cryptoporticus
434 3292 518 3352 horti
546 3293 651 3353 diaeta
678 3300 735 3368 est,
765 3314 883 3354 amores
908 3294 986 3369 mei3
1022 3312 1054 3351 re
1084 3313 1161 3354 vera
1242 3362 1245 3367 ⁵

107 3407 137 3452 30
157 3415 291 3456 amores:
328 3397 395 3475 ipse
418 3399 515 3475 posui.
558 3399 598 3456 Iu
618 3399 677 3458 hac
697 3399 921 3459 heliocaminus
943 3399 1068 3476 quidem
1094 3399 1160 3459 alia

136 3506 273 3576 xystzrm
292 3503 358 3564 alia
371 3524 460 3566 mare
476 3510 611 3586 utraque
627 3505 736 3581 solem,
749 3505 929 3565 cubiculum
938 3503 1158 3563 antcmralris

117 3610 419 3692 OPJPfOPortienm,
443 3615 598 3678 fenestra
620 3613 785 3696 prospicit
803 3627 903 3670 mare.
943 3607 1066 3664 Contra
1078 3603 1185 3676 pame-
1198 3615 1234 3657 ‘n
