2512 3870
590 153 620 205 C.
640 153 740 203 PLINI

565 361 622 450 .3.⁵.·
651 360 756 440 (xri.)

326 519 357 570 C.
381 520 525 570 PLINIUS
548 519 695 570 CATILIO
718 520 862 571 SEVERO
886 521 953 571 SUO
976 521 1003 573 S.

387 666 468 726 Pliny
480 671 582 726 accepts
594 679 630 714 cn
643 667 787 715 invitation
800 673 827 716 to
839 667 942 716 dinan.

202 808 335 867 Veniam
350 808 522 882 aduenam,
538 809 669 867 sedium
689 827 771 867 nunc
788 809 927 886 paciscor
946 809 989 868 sit
1003 809 1166 897 &RQ
1187 829 1202 874 1
1224 842 1227 849 ·

163 914 205 974 sit
226 933 327 990 parca,
347 913 512 973 Socraticis
528 900 658 973 'tanturn
676 914 870 974 sermonibus
891 915 1038 986 abundet,
1058 914 1093 973 in
1114 915 1167 975 his

162 1037 285 1096 quoque
299 1024 406 1077 teneat
420 1019 554 1078 moduni.
597 1020 699 1090 Erunt
713 1018 813 1078 officia
827 1019 1020 1094 antelucana,
1035 1020 1070 1078 in
1084 1039 1166 1097 quae
1186 1035 1201 1080 a

162 1125 298 1183 incidere
323 1125 440 1201 inpune
464 1143 503 1182 ne
528 1125 640 1184 Catoni
665 1114 793 1201 quidem
817 1125 915 1200 licuit,
941 1145 1034 1202 quem
1057 1131 1167 1186 tamen

126 1245 140 1289 5
162 1230 194 1289 C.
211 1231 325 1289 Caesar
340 1230 386 1288 ita
400 1229 601 1307 reprehendit
619 1236 655 1289 ut
674 1230 789 1289 laudet.
832 1231 990 1290 Describit
1008 1231 1092 1290 enim
1112 1250 1165 1292 eos
1186 1246 1202 1291 3

161 1335 274 1410 quibus
299 1335 409 1393 obvius
437 1335 535 1393 fuerit
560 1354 630 1393 curn
654 1341 748 1413 caput
772 1336 850 1395 ebrii
876 1336 1168 1424 Pelesslssefflm·

161 1440 282 1499 tuisse:
306 1440 418 1498 deinde
433 1440 529 1498 aaron
544 1445 688 1516 ‘putares
708 1422 828 1500 non'ao
846 1440 912 1500 uns
932 1419 1092 1516 saniem,
1108 1443 1166 1502 seo

161 1546 232 1604 illos
254 1564 273 1604 a
293 1546 409 1605 Catone
432 1546 659 1623 deprehensos?
701 1546 849 1605 Potuitne
871 1546 943 1623 plus
964 1547 1166 1609 auctoritatis

160 1651 258 1710 tribui
273 1651 384 1711 Catoni
399 1627 492 1727 quar-n
503 1652 531 1710 si
542 1651 646 1711 ebrius
661 1670 784 1728 qnoque
795 1648 860 1710 tam
872 1651 1058 1712 venerabilis
1069 1655 1164 1712 erat?
1208 1723 1210 1728 Ι

70 1749 93 1815 ⁶.
111 1773 140 1850 ro
159 1758 294 1815 Nostrae
308 1762 413 1816 tamen
428 1775 521 1816 cenae
538 1763 574 1816 ut
591 1762 759 1833 apparatus
777 1764 809 1815 et
826 1757 967 1835 inpendii
984 1756 1028 1817 sio
1045 1764 1167 1836 tempo
1185 1778 1202 1822 4

160 1861 203 1921 ris
218 1862 328 1922 modus
343 1867 472 1921 constet.
508 1863 619 1939 Neque
634 1862 717 1921 euim
732 1862 760 1920 ei
775 1882 881 1922 sumus
894 1882 970 1939 quos
982 1863 1166 1940 vituperare

158 1985 198 2026 ne
212 1944 332 2026 inimici
347 1967 474 2044 quidem
488 1967 610 2044 possint
624 1967 686 2027 nisi
700 1973 736 2027 ut
750 1967 842 2026 siruul
857 1967 994 2028 laudent.
1036 1968 1126 2029 Vale.

555 2213 607 2272 ao.
636 2211 760 2290 (utu.)

297 2371 335 2452 ΙΟ.
362 2370 505 2420 PLINIUS
528 2369 689 2420 VOCONIO
712 2369 867 2421 ROMANO
891 2371 959 2422 SUO
982 2372 1008 2423 S.

302 2514 358 2565 Tite
371 2516 521 2577 Paneanrc
532 2517 556 2564 is
567 2521 625 2565 seat
636 2522 662 2565 to
676 2516 867 2579 Voconiurscr
877 2518 1012 2567 criticism.

197 2660 327 2719 Librum
346 2677 407 2735 quo
426 2677 525 2735 nuper
543 2658 660 2741 optimo
681 2659 818 2736 principi
839 2659 947 2735 consul
969 2660 1086 2735 gratias
1108 2663 1196 2740 egil

157 2765 228 2825 misi
246 2764 386 2838 exigenti
406 2763 473 2838 tibi,
489 2762 650 2839 missurus,
671 2763 731 2823 etsi
750 2783 812 2823 nou
831 2765 996 2841 exegisses.
1039 2765 1081 2825 Iu
1099 2767 1162 2829 hoc
1182 2783 1197 2828 a

107 2888 135 2930 15
155 2870 332 2929 consideres
346 2868 441 2927 velim
459 2873 494 2926 ut
513 2868 780 2946 pulchritudinem
798 2869 946 2928 materiae
964 2869 1010 2929 ita
1028 2869 1164 2934 difficul-

155 2981 260 3034 tatem.
303 2975 343 3032 In
364 2975 473 3032 ceteris
495 2973 578 3033 enim
600 2972 746 3032 lectorem
767 2974 889 3034 novitas
911 2975 980 3052 ipsa
998 2974 1162 3039 intentum

155 3081 258 3155 habet,
278 3079 312 3137 iu
327 3078 385 3138 hac
405 3084 480 3138 nota
498 3079 627 3153 vulgata
647 3079 732 3138 dicta
750 3085 823 3139 sunt
841 3080 962 3155 omuia;
985 3099 1047 3157 quo
1064 3081 1103 3142 fit
1122 3090 1162 3145 ut

155 3185 246 3263 quasi
267 3185 384 3250 otiosus
405 3202 593 3261 securusque
614 3183 711 3242 lector
732 3190 855 3244 tanturn
871 3185 1039 3245 elocutioni
1056 3195 1161 3265 vacet,

153 3292 187 3349 iu
212 3309 274 3367 qua
299 3290 480 3349 satisfacere
506 3289 664 3348 difficilius
689 3295 746 3364 est,
769 3309 840 3348 cum
868 3290 934 3350 sola
961 3291 1159 3355 aestimatur.

104 3414 133 3459 20
154 3396 259 3473 Atque
279 3395 401 3454 utinam
421 3395 495 3453 ordo
515 3394 626 3454 saltem
647 3399 678 3453 et
699 3395 851 3454 transitus
874 3402 905 3455 et
924 3396 1040 3471 figurae
1061 3397 1161 3459 simul
1180 3408 1195 3455 a

135 3504 381 3577 spectarentur!
422 3501 510 3562 Nam
526 3499 669 3561 iuvenire
682 3500 852 3578 praeclare,
864 3501 1026 3559 enuntiare
1038 3506 1161 3577 magni-

113 3602 180 3662 lr'ce
199 3607 377 3671 interdurn
399 3610 504 3673 etiam
526 3608 661 3673 barbari
683 3607 803 3680 solent,
819 3604 988 3678 disponere
1005 3602 1185 3674 aptabam-
1215 3684 1218 3689 Ι
