2512 3870
422 187 683 238 amsrunaauu
708 188 740 236 v.
763 187 801 238 10.
1072 172 1112 240 71

108 360 219 419 acerba
243 377 364 436 semper
388 365 420 419 et
443 360 601 420 inmatura
624 379 707 419 mors
729 378 835 418 eorum
858 357 913 434 qui
937 358 1113 418 immortale

108 464 230 541 aliquid
251 471 371 542 parant.
415 465 499 525 Nam
521 465 576 542 qui
605 465 820 542 voluptatibus
846 464 947 523 dediti
968 464 1059 540 quasi
1079 464 1114 522 in

108 570 192 628 diem
219 571 332 630 vivunt
360 570 489 631 vivendi
516 588 627 631 causas
651 571 766 630 cotidie
791 569 923 644 finiunt;
959 569 1014 646 qui
1039 589 1113 629 vero

107 682 248 752 posteros
270 676 411 751 cogitant
432 682 464 736 et
488 676 670 736 memoriam
691 676 740 735 sui
761 675 907 752 operibus
929 676 1112 749 extendunt,

107 780 158 841 his
172 781 260 840 nulla
278 800 362 842 mors
381 800 444 840 non
458 782 623 859 repentina
637 787 693 855 est,
709 787 745 840 ut
760 778 839 858 quae
855 798 977 857 semper
991 781 1113 839 incoha-
1132 788 1147 833 5

70 901 85 946 5
107 891 175 944 tum
190 886 311 963 aliquid
325 887 498 964 abrumpat.
529 887 627 948 Gaius
643 887 770 963 quidem
781 887 930 960 Fannius,
942 886 1026 962 quod
1037 885 1114 945 acci-

107 992 164 1064 dit,
179 991 280 1051 multo
295 998 368 1052 ante
382 992 565 1070 praesensit.
608 993 703 1053 Visus
719 997 767 1051 cst
782 992 841 1051 sibi
856 1010 912 1069 per
928 997 1113 1050 nocturnam

11 1118 14 1122 ¹
107 1097 246 1173 quietem
267 1097 367 1157 iacere
389 1098 422 1157 in
443 1098 558 1158 lectulo
580 1118 636 1158 suc
657 1097 847 1175 compositus
865 1098 898 1155 in
917 1097 1028 1156 habitu
1047 1102 1111 1156 stu·

108 1202 221 1276 dentis,
236 1203 351 1263 habere
367 1209 439 1263 ante
455 1222 487 1264 se
503 1203 653 1263 scrinium
670 1203 730 1282 (ita
745 1203 896 1284 solebat):
920 1221 992 1260 mox
1006 1201 1113 1277 imagi-

107 1314 200 1368 natus
217 1313 265 1368 est
279 1309 404 1369 venisse
423 1310 591 1383 Neronem,
606 1309 640 1366 in
657 1314 726 1367 toro
745 1308 906 1381 resedisse,
921 1307 1111 1384 prompsisse
1133 1322 1160 1368 lc

107 1414 243 1490 primum
258 1414 374 1474 librum
390 1433 482 1491 quem
498 1416 536 1473 de
557 1414 726 1474 sceleribus
742 1415 808 1473 eius
824 1414 965 1472 ediderat
979 1431 1112 1489 eumque

108 1520 148 1578 ad
162 1526 336 1578 extremum
348 1520 527 1594 revolvisse,
540 1520 624 1578 idern
639 1520 672 1579 in
684 1519 820 1580 secundo
834 1538 870 1578 ao
884 1519 977 1578 tertio
988 1519 1111 1592 fecisse,

70 1621 183 1689 etune
197 1625 307 1685 abisse.
352 1626 492 1703 Expavit
513 1630 545 1684 et
567 1626 611 1685 sio
633 1625 858 1702 interpretatus
880 1629 937 1698 est,
952 1629 1111 1700 tamquam

108 1730 191 1789 idem
219 1730 280 1791 sibi
308 1731 434 1790 futurus
463 1735 546 1791 esset
571 1730 728 1791 scribendi
753 1729 826 1789 finis
851 1729 905 1806 qui
926 1729 1042 1788 fuisset
1062 1729 1112 1787 illi

71 1851 85 1896 7
107 1835 240 1911 legendi,
263 1842 295 1895 et
316 1836 379 1895 fnit
400 1837 491 1895 idem.
535 1837 625 1906 Quod
646 1855 695 1896 me
716 1835 930 1895 recordantem
951 1835 1112 1894 miseratio
1133 1849 1161 1894 15

108 1941 193 2001 subit
221 1947 374 2019 quantum
403 1941 592 2017 vigiliarum,
616 1946 769 2018 quantum
792 1941 907 2000 laboris
933 1940 1112 1999 exhauserit

107 2047 234 2106 frustra.
278 2047 450 2107 Occursant
473 2047 576 2106 animo
599 2066 668 2106 mea
690 2046 874 2120 mortalitas,
894 2064 964 2104 mea
986 2045 1110 2122 scripta.

107 2153 175 2212 Nec
190 2152 300 2212 dubito
319 2157 350 2210 te
372 2170 496 2228 quoque
514 2152 621 2211 eadem
642 2151 830 2226 cogitatione
845 2150 955 2210 terreri
969 2169 1026 2228 pro
1040 2151 1112 2210 istis

71 2276 187 2334 aquae
212 2258 295 2317 inter
323 2276 434 2317 manus
463 2257 567 2317 habes.
611 2257 756 2331 Proinde,
779 2257 851 2315 dum
875 2256 1016 2333 suppetit
1036 2256 1111 2330 vita,

108 2363 262 2422 enitamur
283 2368 321 2421 ut
341 2381 423 2422 mors
445 2381 540 2439 quam
561 2362 751 2439 paucissima
772 2379 851 2438 quae
869 2361 992 2421 abolere
1011 2361 1113 2438 possit
1132 2372 1161 2418 20

107 2450 257 2527 inueniat.
300 2468 388 2528 Vale.

534 2618 586 2680 se.
616 2615 684 2698 (x.)

206 2785 236 2836 o.
260 2785 404 2836 rururus
428 2785 608 2836 sunrouio
632 2786 868 2849 raauounuo
892 2786 960 2837 suo
984 2785 1010 2836 s.
1064 2734 1087 2846 ir
1101 2748 1111 2767 ”

110 2943 257 2994 Suetonius
268 2945 292 2993 ic
305 2944 403 3006 bcppcd
415 2949 461 2993 aot
473 2949 500 2994 to
513 2944 590 3005 orlaa
603 2945 696 3006 louper
707 2945 750 2995 tte
758 2945 929 3006 publication
942 2945 974 3006 os
982 2943 1112 2993 tisuorlc.

74 3110 86 3155 1
148 3099 263 3159 Libera
277 3100 406 3159 tandem
423 3099 756 3178 hendecasyllaborum
778 3118 916 3159 meorum
937 3098 1041 3173 fidem,
1056 3098 1112 3175 qui

109 3205 227 3282 scripta
251 3210 308 3264 tua
329 3204 545 3264 communibus
574 3204 683 3265 amicis
712 3205 954 3282 spoponderunt.
997 3203 1113 3280 Appel-

109 3310 215 3370 lantur
239 3310 356 3370 cotidie
381 3315 413 3368 et
437 3309 631 3386 flagitantur,
655 3329 690 3369 ac
716 3311 778 3369 iarn
804 3309 977 3386 periculum
1000 3315 1049 3368 est
1072 3326 1112 3367 ne

72 3421 260 3491 acogantur
288 3415 328 3475 ad
356 3415 567 3474 exhibendum
595 3415 764 3474 formulam
791 3415 939 3492 accipere.
983 3413 1057 3473 Sum
1080 3419 1113 3471 et
1132 3423 1161 3468 ‘25

107 3520 222 3596 ipsein
238 3520 357 3579 edendo
375 3519 559 3598 haesitator,
575 3525 613 3583 tu
633 3527 748 3584 tamen
765 3539 878 3583 meam
896 3533 1029 3598 quodue
1046 3529 1144 3570 auus-

93 3621 243 3681 tationem
261 3624 519 3709 tarditatemque
534 3631 665 3697 vicisti.
706 3630 865 3696 Proinde
879 3631 945 3688 aut
961 3631 1088 3688 risse-uQ
1099 3608 1185 3662 'm
1229 3630 1242 3707 l
