2512 3870
559 175 590 227 C.
609 175 709 226 PLINI

549 365 715 445 κω

344 513 375 564 C.
400 513 545 563 PLINIUS
569 512 757 563 CALVINAE
781 513 875 563 SUAE
899 512 925 564 S.

132 649 216 712 Pliny
227 662 374 699 renouaces
391 649 434 698 liis
450 649 544 698 claime
558 650 666 711 cecidet
684 648 726 698 tle
744 654 824 698 estate
837 648 869 710 os
881 647 1022 697 Calviaa’e
1032 648 1135 709 sotter.

173 781 206 841 Si
226 781 368 858 pluribus
387 786 476 858 pater
490 786 564 841 tuus
579 780 630 838 vel
645 780 699 839 uni
714 780 843 838 cuilibet
864 780 919 839 alii
941 799 1035 856 quam
1055 779 1135 838 mihi
1157 787 1167 832 1

132 886 300 960 debuisset,
316 886 431 946 fulsset
446 886 581 946 fortasse
604 885 810 945 dubitandum
833 903 873 944 an
894 885 996 944 adires
1017 885 1135 943 heredi-

131 996 228 1050 tatem
243 991 338 1050 etiam
354 991 421 1049 viro
436 1009 571 1067 gravem.
614 990 692 1050 Cum
708 1007 781 1049 vero
796 1009 852 1065 ego
866 991 978 1051 ductus
994 990 1136 1050 adfinita
1155 1001 1170 1046 a
1196 977 1198 980 Α

130 1095 173 1156 tis
188 1094 296 1171 officie,
313 1096 451 1156 dimissis
467 1096 610 1155 omnibus
625 1096 688 1173 qui,
701 1114 763 1153 non
778 1095 847 1154 dico
861 1095 1064 1171 molestiores,
1080 1097 1135 1156 sed

95 1215 110 1260 5
131 1201 346 1276 diligentiores
364 1189 469 1276 erant,
478 1202 613 1260 creditor
629 1200 713 1261 solus
728 1201 911 1276 exstiterim,
926 1220 1057 1279 cumque
1078 1221 1142 1277 ego¹

129 1306 261 1365 nubenti
281 1306 342 1366 tibi
362 1307 396 1365 in
418 1307 523 1366 dotem
545 1312 671 1365 centum
692 1306 781 1366 milia
801 1307 985 1367 contulerim
1011 1313 1135 1385 praeter
1156 1378 1161 1387 1

130 1430 198 1471 eam
213 1430 365 1471 summam
381 1430 474 1489 quam
492 1418 582 1489 pater
601 1418 673 1472 tuus
696 1413 785 1489 quasi
807 1413 845 1471 de
866 1431 935 1472 meo
956 1413 1039 1472 dixit
1055 1413 1136 1492 (erat
1197 1424 1200 1429 '

130 1517 215 1576 enim
230 1517 381 1577 solvenda
402 1518 440 1576 de
461 1520 554 1599 meo),
574 1537 721 1593 magnum
743 1517 848 1578 habes
860 1519 1026 1580 facilitatis
1048 1538 1135 1578 meae

130 1623 254 1700 pignus
269 1623 357 1683 cuius
372 1623 488 1683 fiducia
509 1623 602 1684 debes
623 1624 741 1683 famam
762 1624 904 1683 defuncti
922 1625 1135 1702 pudoremque

82 1739 111 1784 10
131 1728 305 1806 suscipere;
328 1729 367 1789 ad
382 1729 465 1807 quod
487 1748 526 1790 ne
547 1734 579 1788 te
599 1729 703 1789 verbis
718 1730 817 1806 magis
839 1749 932 1806 quam
954 1730 1045 1791 rebus
1067 1730 1136 1788 hor-

130 1815 1135 1913 amfflmwmmmmfflm

130 1939 250 1999 iubebo.
293 1941 361 1999 Nec
382 1945 430 2001 est
451 1941 534 2017 quod
549 1940 685 2000 verearis
707 1959 746 1999 ne
768 1941 810 2000 sit
830 1941 909 1999 mihi
930 1959 1060 2001 onerosa
1073 1940 1136 2000 ista
1155 1953 1171 1997 3

131 2045 265 2104 donatio.
309 2046 390 2105 Sunt
410 2045 535 2122 quidem
551 2045 677 2105 omnino
691 2046 781 2106 nobis
796 2047 935 2106 modicae
956 2046 1133 2120 facultates

131 2151 270 2227 dignitas
292 2156 483 2227 sumptuosa,
499 2151 618 2210 reditus
640 2157 767 2228 propter
787 2151 1000 2211 condicionem
1023 2151 1135 2228 agello

82 2272 110 2318 15
130 2276 200 2316 rum
220 2256 325 2316 nescio
339 2256 440 2315 minor
455 2275 496 2315 an
509 2256 672 2315 incertior:
696 2257 750 2316 sed
765 2257 848 2334 quod
862 2262 963 2317 cessat
977 2276 1015 2316 ex
1030 2257 1135 2316 reditu

130 2361 314 2439 frugalitate
331 2361 502 2439 suppletur,
516 2380 554 2420 ex
566 2381 627 2438 qua
638 2361 726 2420 velut
741 2362 828 2421 fonte
840 2362 1013 2423 liberalitas
1027 2349 1135 2422 nostia

130 2467 285 2542 decurrit;
307 2485 387 2544 quae
401 2471 507 2525 tamen
521 2466 567 2526 ita
581 2468 783 2543 temperanda
796 2473 845 2526 est
859 2486 898 2526 ne
911 2468 1010 2528 nimia
1023 2468 1135 2545 profu·
1155 2483 1172 2528 4

131 2572 216 2632 sione
238 2572 401 2646 inarescat,
417 2572 473 2631 sed
490 2572 694 2649 temperanda
708 2572 742 2630 in
756 2572 837 2647 aliis,
852 2573 886 2631 in
900 2579 932 2634 te
946 2590 1020 2633 vero
1039 2572 1134 2634 facile

131 2678 212 2738 ratio
225 2677 391 2754 constabit,
407 2677 532 2737 etiamsi
548 2678 673 2736 modum
689 2678 865 2738 excesserit.
907 2678 995 2740 Vale.

549 2890 602 2988 Q
631 2887 715 2967 <vu

392 3035 421 3086 C.
445 3035 589 3085 PLINIUS
613 3034 728 3085 AVITO
752 3035 820 3086 SUO
844 3035 869 3087 S.

456 3213 460 3221 .
470 3169 496 3219 A
508 3170 607 3231 sbcbby
618 3172 790 3220 entertaiaer.

81 3317 111 3363 20
170 3304 313 3378 Longum
328 3306 377 3363 est
391 3301 487 3362 altius
509 3306 659 3378 repetere,
674 3320 732 3361 nec
753 3303 851 3362 refert
872 3305 1137 3380 quemadmodum
1160 3321 1175 3369 1

123 3390 279 3467 acciderit
293 3413 329 3466 ut
342 3407 435 3466 homo
449 3405 578 3495 minime
599 3389 768 3466 familiaris
785 3426 926 3468 cenarem
942 3410 1025 3487 apud
1040 3430 1139 3487 quen-

102 3508 189 3582 dam,
216 3516 255 3570 ut
273 3512 341 3573 sibi
365 3513 549 3586 ridebatur,
570 3513 697 3574 lautum
720 3519 754 3574 et
781 3513 977 3588 diligentem,
992 3520 1032 3573 ut
1046 3517 1144 3590 milit,

78 3609 259 3698 efflictum
286 3618 393 3683 simul
418 3627 457 3686 et
480 3628 730 3705 sumptuosum.
783 3620 878 3680 llam
902 3616 970 3678 sirii
992 3623 1028 3676 et
1050 3618 1168 3692 paucis
1182 3632 1206 3675 a
