2512 3870
427 184 689 237 nr1srnmnnn
713 183 808 237 111.1.
1076 169 1118 237 37

421 714 563 779 LIBER
595 713 812 779 TERTIUS.

547 955 600 1016 ³0·
629 951 683 1034 o>

350 1113 382 1165 C.
406 1112 551 1162 PLINIUS
575 1111 747 1162 CALVISIO
771 1111 838 1162 SUO
862 1111 887 1162 S.

112 1236 116 1241 ⁴
179 1302 181 1307 ⁴
227 1258 331 1313 'How
349 1259 490 1324 Spurinna
508 1267 583 1323 apem
600 1261 642 1310 iis
659 1260 725 1322 cors
743 1262 772 1310 ia
790 1261 832 1309 luis
850 1261 896 1311 old
911 1274 969 1323 ope.

76 1429 91 1474 1
152 1407 269 1468 Nescio
284 1427 325 1467 an
337 1407 438 1466 nilum
453 1407 620 1466 iucundius
635 1411 759 1483 tempus
777 1405 932 1481 exegerim
947 1424 1040 1483 quam
1056 1424 1117 1483 quo

112 1532 213 1591 nuper
234 1513 318 1590 apud
347 1512 537 1591 Spurinnam
564 1511 622 1586 fui,
644 1512 722 1571 adeo
743 1511 870 1588 quidem
898 1517 934 1570 ut
960 1511 1117 1569 neminem

113 1618 213 1694 magis
228 1618 261 1676 11
276 1623 446 1692 senectute,
460 1617 487 1677 si
498 1618 590 1676 modo
606 1618 765 1677 senescere
777 1617 886 1676 datum
898 1621 954 1691 est,
967 1615 1118 1675 aemulari

75 1743 91 1788 a
113 1723 226 1783 velim:
250 1722 332 1782 nihil
353 1728 402 1783 est
423 1723 507 1782 enim
521 1722 579 1781 illo
593 1722 677 1782 vitae
698 1739 809 1798 genere
831 1720 1021 1780 distinctius.
1064 1721 1117 1779 Me

113 1834 219 1889 autem
233 1834 270 1888 ut
284 1833 387 1888 certus
403 1827 541 1888 siderum
561 1846 669 1887 cursus
687 1827 733 1886 ita
746 1826 813 1885 vita
833 1825 995 1885 hominum
1016 1825 1118 1902 dispo
1137 1842 1152 1887 o

114 1935 176 1996 sita
197 1934 343 2008 delectat,
366 1952 475 1994 senum
496 1933 690 2011 praesertim.
733 1933 816 1992 Nam
838 1932 966 1991 iuvenes
987 1932 1118 1991 confusa

113 2041 216 2101 adhuc
235 2040 388 2118 quaedam
410 2044 442 2098 et
463 2039 554 2116 quasi
575 2017 701 2098 turbata
721 2058 784 2097 non
805 2038 967 2113 indecent3
991 2038 1116 2097 senibus

114 2146 239 2224 placida
260 2145 366 2204 omnia
387 2150 419 2204 et
439 2145 584 2204 ordinata
604 2143 804 2218 conveniunt,
827 2143 940 2220 quibus
961 2143 1118 2203 industria

77 2268 191 2326 asera,
214 2250 316 2327 turpis
338 2249 470 2309 ambitio
497 2256 553 2309 est.
596 2250 688 2308 Hanc
709 2249 849 2323 regulam
872 2248 1029 2325 Spurinna
1050 2267 1118 2307 con·

114 2356 308 2417 stantissime
330 2360 451 2431 servat3
474 2355 551 2432 quin
572 2355 666 2414 etiam
681 2353 876 2432 pervehere,
892 2373 997 2431 parva,
1013 2354 1040 2413 si
1055 2374 1117 2413 non
1137 2366 1166 2412 10

113 2462 228 2522 cotidie
255 2461 343 2535 fiant,
366 2460 474 2519 ordine
496 2461 630 2536 quodam
655 2466 687 2519 et
708 2461 795 2520 velut
822 2463 895 2522 orbe
923 2462 1115 2538 circumagit.

76 2569 207 2627 4Mane
235 2566 352 2626 lectulo
379 2565 566 2640 continetur,
590 2564 667 2624 hora
695 2567 831 2626 secunda
859 2568 977 2626 calceos
1006 2567 1116 2644 poscit,

114 2672 254 2733 ambulat
281 2670 371 2730 milia
398 2689 546 2748 passuum
567 2670 630 2730 tria
650 2689 707 2729 nec
732 2672 835 2732 minus
863 2672 1002 2732 animum
1024 2691 1117 2749 quam

113 2796 226 2854 corpus
240 2782 372 2836 exercet.
416 2775 450 2834 Si
471 2776 586 2836 adsunt
607 2776 708 2851 amici,
723 2777 938 2837 honestissimi
960 2796 1117 2838 sermones

113 2870 328 2960 explicantui:
352 2881 379 2941 si
393 2900 465 2956 non,
481 2880 560 2940 liber
582 2880 713 2957 legitur,
736 2881 894 2942 interdum
916 2882 1012 2942 etiam
1033 2895 1166 2959 prae-15

76 2987 256 3048 osentibus
278 2986 396 3062 amicis,
419 2987 446 3046 si
474 2992 580 3046 tamen
608 2986 656 3045 1111
684 3006 747 3046 101
775 2994 951 3063 gravantur.
995 2988 1117 3047 Deinde
1186 3014 1188 3019 ·

114 3093 258 3168 considit,
274 3099 306 3153 et
319 3093 399 3153 liber
413 3111 520 3153 rursus
540 3097 594 3152 aut
616 3111 716 3152 sermo
737 3093 818 3153 libro
840 3095 957 3171 potior:
983 3114 1055 3153 mox
1069 3113 1118 3152 ve-

113 3199 255 3259 hiculum
270 3197 420 3272 ascendit,
436 3197 574 3258 adsumit
588 3217 716 3257 uxorem
732 3198 900 3274 singularis
916 3200 1051 3277 exempli
1066 3199 1117 3257 vel

76 3305 253 3382 oadiquem
280 3303 460 3379 amicorum,
488 3310 524 3363 ut
551 3322 600 3362 me
628 3303 780 3380 proxime.
823 3305 922 3376 Quam
951 3304 1117 3382 pulchrum

68 3428 72 3434 ’
114 3411 204 3486 illud,
226 3427 321 3487 quam
348 3408 439 3468 dulce
460 3410 628 3468 secretum!
658 3415 811 3485 quantum
832 3409 876 3470 ibi
898 3410 1121 3486 antiquitatis!
1138 3420 1168 3462 m

84 3517 88 3526 '
113 3514 297 3595 quaefacta,
308 3533 384 3593 quos
398 3514 481 3578 viros
494 3515 626 3578 audiasi
648 3515 770 3598 ciuibus
780 3506 1157 3597 praeocissimum

98 3619 246 3695 quamvis
264 3619 324 3683 1Πο
344 3621 407 3686 hoc
430 3630 743 3711 temperamentum
764 3621 959 3686 modestiae
980 3597 1193 3671 Νεκῶν
