2512 3870
157 186 198 249 88
281 247 282 250 ,
502 178 512 270 J
581 195 612 247 6.
639 195 737 245 111111

156 368 293 444 inquam,
320 352 410 426 ‘duni
439 366 709 437 videmus,ne,in
738 367 792 425 via
820 367 911 426 strati
939 366 1160 426 comitantium

155 473 248 532 turba
262 473 295 530 111
310 472 447 531 tenebris
462 471 659 531 obteramur.'
701 473 763 531 Vix
783 472 1023 546 consideramus,
1039 477 1071 533 et
1085 492 1161 547 nox,
1182 484 1209 528 14

154 559 217 637 non
239 577 342 655 qualis
365 577 482 636 inlunis
498 584 552 637 aut
566 577 682 652 nubila,
699 578 752 637 sed
768 577 871 655 qualis
894 559 928 636 in
949 577 1026 637 locis
1040 577 1160 658 clausis

155 684 273 743 lumine
288 682 434 741 extincto.
478 682 614 741 Audires
629 682 768 742 ululatus
783 683 981 759 feminarum,
996 683 1159 743 infantum
1238 759 1241 764 Ι

120 803 135 848 o
155 789 334 866 quiritatus,
349 787 678 847 clamoresvirorum:
701 787 757 847 alii
780 795 934 866 parentes,
950 788 1006 847 alii
1028 788 1157 863 liberos,

154 894 210 954 alii
232 894 377 969 coniuges
401 893 529 952 vocibus
554 893 763 970 requirebant,
786 894 914 955 vocibus
938 894 1155 955 noscitabant:

94 980 96 984 ¹
154 999 188 1057 hi
217 1019 307 1059 suurn
336 1017 449 1071 casum,
478 997 528 1056 1111
557 1017 682 1056 suorum
709 998 952 1059 miserabantur:
983 1005 1074 1059 erant
1101 999 1157 1077 qui

154 1111 239 1164 metu
255 1104 364 1163 mortis
386 1110 517 1162 mortem
539 1109 755 1180 precarentur:
779 1103 870 1164 multi
892 1105 932 1164 ad
954 1105 1157 1165 decamanus
1178 1117 1205 1161 15

154 1209 273 1285 tollere,
302 1209 407 1286 plures
435 1227 590 1286 nusquam
618 1209 681 1267 iam
715 1210 789 1269 deos
818 1210 906 1285 ulloS,
935 1217 1158 1289 aeternamque

107 1331 136 1375 10
155 1314 242 1374 illam
272 1320 304 1373 et
330 1313 534 1373 novissimam
566 1320 689 1373 noctem
717 1314 833 1374 mundo
860 1315 1156 1393 interpretabantur.
1180 1315 1197 1393 ξ,

13 1406 16 1410 ⁴
154 1420 221 1479 Nec
256 1420 424 1479 defuerunt
458 1419 513 1496 qui
540 1418 623 1479 fictis
651 1420 855 1497 mentitisque
882 1415 1052 1482 terroribiis
1082 1440 1159 1481 vera

154 1524 293 1603 pericula
321 1529 477 1600 augerent.
536 1524 677 1583 Aderant
704 1525 758 1601 qui
793 1525 909 1585 Miseni
937 1526 1021 1605 illud
1044 1527 1156 1602 ruisse,

154 1630 234 1689 illud
256 1631 372 1705 ardere,
388 1629 470 1689 falso
485 1630 540 1689 sed
559 1630 766 1704 credentibus,
783 1631 977 1691 nuntiabant.
1020 1631 1157 1692 Paulum
1177 1646 1206 1691 16

94 1800 98 1811 ,
154 1736 287 1811 reluxit3
313 1736 396 1814 quod
420 1755 483 1794 non
505 1735 572 1794 dies
598 1735 687 1796 nobis
711 1737 765 1796 sed
787 1738 986 1798 adventantis
1007 1737 1091 1814 ignis
1112 1738 1158 1797 in-

107 1855 135 1900 11
155 1841 271 1901 dicium
298 1840 471 1900 videbatur.
523 1842 565 1900 Et
593 1841 675 1916 ignis
697 1842 824 1919 quidem
850 1842 974 1919 longius
1002 1842 1157 1925 substitit,

153 1947 299 2006 tenebrae
327 1966 443 2022 rursus,
466 1946 545 2006 cinis
573 1965 680 2006 rursus
708 1946 827 2007 multus
852 1955 884 2008 et
905 1948 1016 2024 gravis.
1059 1949 1157 2008 Hunc

154 2051 326 2111 identidem
368 2052 570 2127 adsurgentes
613 2052 861 2112 excutiebamus:
898 2052 999 2130 operti
1030 2053 1157 2132 alioqui

154 2162 247 2234 atque
275 2157 369 2216 etiarn
398 2156 490 2217 oblisi
518 2157 653 2234 pondere
682 2177 827 2218 essemus.
871 2159 998 2226 Possem
1026 2159 1207 2239 glorierius

154 2281 216 2321 non
238 2261 388 2336 gemitum
412 2255 500 2338 mihi,
515 2282 578 2322 non
599 2282 707 2322 vocem
729 2282 839 2362 Qum
861 2264 975 2323 fortem
999 2263 1033 2322 in
1055 2265 1156 2354 tantis

105 2384 135 2431 1ο
154 2367 300 2446 periculis
323 2367 485 2442 excidisse,
500 2364 562 2428 nisi
579 2387 628 2428 me
646 2387 716 2428 cum
737 2369 890 2443 omnibus,
906 2369 1012 2430 omnia
1032 2389 1157 2431 mecum

153 2474 255 2551 perire
282 2473 404 2548 misem,
427 2492 540 2550 magno
562 2479 668 2533 tamen
690 2474 894 2535 mortalitatis
922 2475 1037 2536 solacio
1059 2455 1198 2559 credi-'f

154 2579 277 2638 diesem.
329 2578 469 2638 Tandem
496 2578 554 2638 illa
581 2576 681 2655 caligo
705 2585 835 2640 tenuata
859 2580 948 2658 quasi
973 2580 1007 2640 in
1030 2581 1156 2642 fumum
1179 2561 1208 2646 {a

153 2683 339 2744 nebulamve
361 2683 521 2744 discessit:
544 2703 617 2743 mox
639 2685 704 2744 dies
718 2703 820 2761 verus,
837 2685 882 2745 sol
905 2685 1000 2746 etiam
1023 2670 1178 2766 effulsits

153 2784 274 2849 luridus
297 2794 411 2865 tamen,
435 2789 538 2867 qualis
561 2808 637 2864 esse,
653 2809 723 2849 cum
746 2790 858 2866 deficit,
877 2791 964 2852 solet.
1008 2792 1159 2878 Occursa—
1184 2854 1187 2859 ,

105 2915 133 2959 25
152 2896 229 2955 bant
253 2895 485 2972 trepidantibus
511 2877 612 2954 adhuc
635 2895 732 2955 oculis
755 2900 877 2956 mutata
899 2897 1004 2957 omnia
1027 2881 1166 2977 altoque*
1216 2975 1219 2979 .

152 3001 264 3075 cinere,
276 3007 436 3078 tamquam
451 3000 532 3074 nive,
545 2999 686 3060 obducta
728 3001 875 3076 Regressi
889 3002 1057 3079 Misenum,
1069 3022 1159 3066 cura
1179 3025 1208 3070 19

152 3107 194 3166 tis
216 3111 385 3183 utcumque
408 3105 588 3184 corporibus
609 3124 792 3183 suspensam
819 3106 1008 3184 dubiamque
1029 3115 1159 3171 noctem

152 3231 207 3289 spe
222 3230 257 3271 ac
272 3216 357 3271 metu
371 3211 540 3286 exegimus.
584 3212 689 3271 Metus
709 3211 925 3288 praevalebat:
948 3231 1020 3272 narn
1042 3218 1076 3274 et
1096 3220 1160 3280 116-
1182 3249 1188 3259 1

152 3315 219 3375 mor
241 3323 341 3376 terrae
364 3300 584 3394 perseverabat
606 3323 637 3377 et
658 3316 799 3393 plerique
824 3316 982 3395 lymphati
1006 3319 1159 3385 terrificis

100 3437 133 3482 30
153 3422 429 3484 vaticinationibus
457 3428 490 3481 et
518 3440 575 3481 sua
601 3429 633 3481 et
661 3421 763 3481 aliena
789 3421 873 3482 mala
901 3422 1158 3489 ludificabantur.
1193 3494 1196 3498 Α

128 3527 239 3589 Nobis
270 3536 381 3591 tamen
411 3550 452 3592 ne
482 3531 562 3591 tunc
590 3518 733 3609 quidem,
754 3544 947 3604 quamquam
970 3533 1005 3584 et
1023 3533 1214 3603 exuendam

106 3633 306 3728 periculum
335 3646 369 3702 et
402 3638 695 3724 exspectantibus,
719 3630 866 3694 abeundi
891 3626 1075 3698 consilium,
1091 3628 1200 3687 donee
