2512 3870
130 152 194 217 112
553 165 582 216 c.
603 166 703 216 mnu

130 338 197 412 das,
225 337 390 397 convenire
418 358 480 398 non
507 337 615 415 possit.
672 339 784 414 Itaque
812 339 974 398 Minervae
1008 344 1172 399 tantuma

131 442 329 502 serviendum
347 449 402 517 est,
419 443 550 502 delicate
570 448 685 517 tamen,
699 443 782 501 utin
805 462 929 504 secessu
949 451 981 504 et
1003 450 1135 505 aestate.

131 549 170 606 In
195 548 248 606 via
271 548 364 624 plane
392 568 452 606 non
476 548 564 607 nulla
591 547 709 607 leviora
736 549 906 626 statimque
935 549 1072 610 delenda
1099 570 1138 611 ea

131 639 314 730 garrulitate
335 672 397 731 qua
421 672 576 713 sermones
602 653 636 712 in
660 653 803 713 vehiculo
825 661 972 714 seruntur
995 656 1135 716 extendi.
1166 650 1239 753 <afta

97 758 194 818 tHis
223 759 373 835 quaedam
402 758 510 817 addidi
537 758 571 817 in
593 758 678 834 villa,
707 778 778 818 cum
805 759 893 819 aliud
919 780 983 820 non
1010 761 1135 821 liberet.

132 863 244 940 Itaque
259 868 402 941 poemata
416 863 588 939 quiescunt,
605 882 683 940 quae
703 870 738 923 tu
758 864 841 923 inter
855 884 982 925 nemora
1000 872 1032 925 et
1048 867 1137 926 lucos

132 968 381 1028 commodissime
390 968 496 1045 perfici
508 974 609 1046 putas.
646 969 881 1030 Oratiunculam
894 989 989 1029 unam
1001 970 1137 1031 alteram
1157 982 1173 1026 3

132 1073 317 1148 retractavi3
349 1093 538 1150 quamquam
562 1074 596 1133 id
619 1093 716 1150 genus
741 1074 843 1151 operis
868 1075 1047 1151 inamabile,
1072 1077 1138 1136 ina-

132 1197 277 1237 moenum
304 1179 464 1256 magisque
495 1179 652 1238 laboribus
683 1179 764 1239 ruris
795 1199 890 1256 quam
917 1179 1137 1259 voluptatibus

85 1300 114 1346 10
133 1283 243 1343 simile.
286 1284 372 1344 Vale.

543 1408 594 1468 oa.
624 1405 721 1486 (xv.)

373 1566 401 1617 C.
426 1565 570 1616 PLINIUS
593 1565 751 1617 FALCONI
775 1565 842 1618 SUO
867 1567 893 1618 S.

292 1711 346 1762 Not
357 1725 420 1762 coen
432 1714 460 1761 ia
474 1713 515 1762 tte
527 1719 638 1774 country
649 1715 674 1763 ts
686 1715 782 1763 leisure
795 1715 977 1765 audiaturbed.

173 1859 364 1934 Refugeram
386 1857 419 1914 in
443 1858 569 1931 Tuscos,
591 1863 628 1916 ut
651 1856 756 1917 omnia
780 1859 820 1918 ad
842 1859 1007 1919 arbitrium
1029 1870 1170 1920 meum1

133 1966 285 2040 facerem3
308 1967 341 2022 at
354 1960 412 2021 hoc
427 1980 465 2021 ne
480 1961 513 2020 in
535 1961 644 2022 Tuscis
662 1962 805 2040 quidem:
827 1969 893 2024 tam
914 1964 1024 2026 multis
1046 1942 1137 2026 undi-

134 2089 194 2149 que
216 2068 402 2129 rusticorum
426 2065 542 2126 libellis
565 2073 596 2127 et
618 2073 683 2126 tam
705 2068 844 2145 querulis
865 2069 1033 2147 inquietor,
1056 2091 1135 2148 quos

134 2176 295 2254 aliquanto
311 2171 411 2248 magis
432 2171 550 2231 invitus
572 2191 665 2249 quam
686 2191 771 2232 meos
792 2173 878 2250 leg03
900 2193 973 2234 nam
994 2179 1027 2234 et
1047 2194 1135 2236 meos

86 2292 114 2337 15
134 2281 262 2342 invitus.
305 2280 454 2337 Retracto
468 2277 550 2335 enim
567 2278 759 2338 actiunculas
778 2280 938 2357 quasdam,
954 2280 1039 2357 quod
1061 2287 1136 2358 post
1155 2291 1171 2336 2

67 2361 73 2368 .
134 2385 398 2465 intercapedinem
410 2383 559 2461 temporis
570 2390 602 2443 et
613 2385 763 2460 frigidum
775 2391 807 2446 et
817 2386 963 2446 acerbum
974 2391 1030 2446 est.
1075 2387 1137 2447 Ra

134 2496 235 2556 tiones
250 2493 340 2573 quasi
362 2493 489 2554 absente
511 2512 559 2552 me
580 2494 796 2569 negleguntur.
840 2495 1004 2554 Interdum
1025 2499 1173 2554 tamena

134 2621 247 2681 equum
263 2600 435 2661 conscendo
450 2605 482 2658 et
496 2606 614 2676 patrem
632 2600 773 2659 familiae
793 2600 944 2660 hactenus
965 2618 1033 2675 ag0,
1049 2601 1136 2677 quod

134 2707 271 2785 aliquam
285 2713 406 2784 partem
420 2704 627 2783 praediorum,
644 2705 698 2765 sed
712 2725 768 2782 pro
783 2705 955 2781 gestatione
976 2723 1134 2782 percurro.

84 2826 114 2872 20
133 2815 182 2872 Tu
196 2812 452 2872 consuetudinem
468 2829 557 2871 serva
570 2811 722 2888 nobisque
736 2810 781 2870 sic
796 2796 922 2872 rusticis
932 2809 1053 2871 urbana
1063 2816 1137 2872 acta

133 2917 296 2996 perscribe.
338 2917 425 2977 Vale.

522 3041 590 3136 9-4)-
610 3039 728 3119 (xix.)

385 3199 413 3250 C.
437 3198 582 3250 PLINIUS
604 3198 738 3249 RUSONI
761 3199 828 3251 SUO
850 3199 876 3251 S.

393 3348 445 3397 Tbe
458 3346 562 3408 epitaph
575 3346 607 3408 of
621 3345 762 3408 Verginius
773 3347 871 3410 Rufus.

162 3493 333 3570 Significas
354 3492 471 3574 legisse
493 3497 526 3553 tc
547 3491 584 3552 in
603 3491 743 3572 quadam
761 3490 902 3568 eoistula
915 3509 991 3548 mea
1003 3491 1141 3552 'iussisse
1156 3508 1177 3551 a

108 3596 297 3678 ''erginium
314 3605 447 3667 Rufum
464 3601 607 3666 inscribi
621 3598 775 3679 sepulcro
788 3612 861 3667 suo,
