2512 3870
172 157 235 221 126
594 167 623 218 0.
645 167 744 217 nunu

122 317 131 326 ’
171 343 290 402 tendos.
333 342 409 400 Mox
431 340 500 418 ipso
520 346 666 414 tractatu,
681 324 724 398 ut*
739 338 806 398 fieri
821 337 909 415 solet,
925 338 1123 398 diffundente
1138 355 1171 396 se

125 482 128 486 ⁴
171 447 309 522 crimine,
325 447 431 524 plures
450 446 569 524 species
590 445 776 509 inciderunt
820 443 1004 521 Propositus
1021 448 1069 502 est
1085 442 1205 502 libel-5

171 553 221 611 lus
236 552 303 611 sine
318 557 441 611 auctore
458 551 626 610 multorum
644 551 771 609 nomina
789 550 961 609 continens.
1004 549 1065 620 Qui
1081 567 1172 624 nega

101 704 103 710 .
159 658 247 717 bant
271 676 338 717 esse
361 676 394 716 se
417 657 612 717 Christianos
635 661 689 716 aut
712 655 820 732 fuisse,
839 675 908 714 curn
931 661 1100 733 praeeunte
1121 673 1171 713 mc
1199 717 1202 722 ,

88 823 93 830 ,
136 775 152 819 t
172 764 246 822 deos
260 762 456 840 appellarent
470 768 502 822 ct
516 762 647 837 imagini
661 767 742 836 tuae,
755 780 848 838 quam
863 767 990 838 propter
1004 760 1062 819 hoc
1077 760 1171 819 iusse-
1215 758 1219 768 ’

171 887 238 928 ram
252 887 323 927 curn
338 868 512 928 simulacris
532 867 695 926 numinum
717 866 844 941 adferri,
859 872 928 926 ture
940 885 985 931 -ac
1006 866 1172 943 vinoqsup-

171 973 334 1050 plicarent,
349 978 510 1050 praeterea
530 972 610 1031 male
632 972 773 1031 dicerent
793 958 927 1047 Christo,
943 990 1075 1049 quorum
1089 971 1170 1029 nihil

171 1098 261 1157 posse
276 1080 344 1155 cogi
358 1079 505 1138 dicuntur
520 1079 574 1156 qui
590 1084 663 1138 sunt
681 1097 713 1137 re
730 1096 804 1137 vera
818 1078 1001 1153 Christiani,
1014 1077 1172 1137 dimitten-

172 1185 227 1245 dos
246 1204 313 1245 esse
330 1185 447 1262 putavi.
490 1183 559 1243 Alii
578 1184 617 1244 ab
637 1184 740 1243 indice
760 1184 913 1243 nominati
932 1203 999 1244 esse
1019 1202 1051 1243 se
1069 1183 1172 1244 Chris
1192 1186 1207 1232 6

123 1305 152 1350 10
171 1269 273 1350 tianos
295 1291 443 1350 dixerunt
463 1296 495 1350 et
516 1309 588 1349 mox
610 1284 819 1366 negav'erunt3
842 1290 941 1349 fuisse
963 1289 1099 1367 quidem,
1118 1289 1173 1349 sed

171 1395 298 1470 desisse,
312 1396 441 1473 quidam
452 1403 529 1466 ante
544 1396 650 1473 plures
666 1415 773 1471 annos,
788 1414 850 1454 non
870 1413 961 1455 nemo
982 1395 1077 1454 etiam
1099 1401 1172 1455 ante

169 1478 292 1577 viginti.
318 1478 381 1563 >Hi
394 1513 518 1578 quoque
530 1518 636 1560 omnes
652 1504 684 1558 et
697 1497 866 1574 imaginem
880 1506 967 1559 tuam
982 1500 1172 1579 deorumque
1224 1582 1225 1585 Ἴ

172 1605 339 1664 simulacra
362 1605 503 1666 venerati
518 1611 592 1664 sunt
614 1609 646 1664 et
666 1605 792 1665 Christo
817 1605 898 1664 male
921 1605 1076 1666 dixerunt.
1111 1607 1173 1666 Ad·
1238 1599 1241 1605 ’

171 1710 338 1770 firmabant
364 1717 469 1770 autem
497 1711 578 1770 hanc
601 1711 700 1770 fuisse
724 1730 876 1770 summam
894 1711 943 1771 vel
964 1711 1073 1788 culpae
1098 1716 1208 1771 suaet

123 1831 151 1876 15
171 1816 221 1874 vel
236 1816 357 1890 erroris,
372 1817 455 1893 quod
470 1821 573 1876 essent
589 1816 674 1876 soliti
692 1822 774 1876 stato
792 1816 929 1876 dicante
946 1816 1047 1876 lucem
1065 1835 1175 1876 conve-

170 1921 238 1980 nire
251 1940 437 1998 carmenque
452 1922 579 1982 Christo
593 1921 684 1999 quasi
702 1921 759 1981 deo
777 1922 879 1982 dicere
901 1940 1005 1981 secum
1027 1906 1173 1998 inuicem,

171 2046 265 2105 seque
281 2033 473 2087 sacramento
488 2018 551 2116 non
570 2028 603 2086 in
626 2028 727 2087 scelus
748 2028 876 2105 aliquod
897 2027 1100 2104 obstringere,
1117 2031 1174 2089 sed
1214 2106 1216 2110 Α

170 2150 209 2190 ne
234 2133 329 2207 furta,
354 2152 392 2192 ne
421 2133 594 2208 latrocinia,
617 2152 657 2192 ne
685 2133 840 2192 adulteria
867 2134 1108 2214 committerent,
1133 2154 1174 2194 ne

170 2237 263 2296 fidem
278 2238 435 2313 fallerent,
451 2257 490 2297 ne
506 2239 683 2316 depositum
703 2238 855 2315 appellati
877 2239 1067 2315 abnegarent
1077 2239 1175 2316 :squi-

120 2354 150 2399 20
169 2343 228 2402 bus
255 2343 388 2420 peractis
416 2362 533 2402 morem
563 2344 624 2403 sibi
652 2343 833 2430 discedendi
864 2343 972 2419 fuisse,
1001 2363 1174 2423 rursusque

169 2449 299 2508 coeundi
314 2449 353 2508 ad
367 2449 554 2526 capiendum
568 2448 681 2523 cibum,
693 2449 904 2536 promiscuum
918 2454 1022 2508 tamen
1037 2455 1069 2508 et
1086 2449 1175 2510 inno

170 2554 273 2630 nium,
302 2555 386 2631 quod
413 2555 516 2631 ipsum
540 2555 643 2613 facere
664 2552 783 2613 desisse
805 2559 877 2631 post
897 2554 1034 2613 edictum
1056 2573 1173 2632 meum,

170 2679 231 2736 quo
259 2660 429 2719 secundum
456 2660 604 2718 mandata
633 2665 688 2718 tua
718 2659 874 2718 hetaerias
902 2677 970 2719 esse
998 2665 1171 2721 vetueram.

94 2804 96 2815 ·
169 2767 235 2834 Quo
250 2765 348 2839 magis
367 2765 576 2824 necessarium
597 2765 715 2824 credidi
737 2783 776 2822 ex
798 2764 918 2824 duabus
940 2764 1074 2840 ancillis,
1090 2786 1173 2843 quae
1194 2780 1210 2825 8

119 2881 148 2925 25
168 2870 330 2930 ministrae
356 2870 545 2944 dicebantur,
568 2870 645 2948 quid
672 2876 754 2930 esset
779 2869 845 2929 veri
870 2875 902 2929 et
930 2889 985 2948 per
1012 2875 1174 2933 tormenta

168 2973 323 3052 quaerere.
366 2975 458 3033 Nihil
480 2975 566 3033 aliud
587 2975 693 3033 inveni
710 2994 804 3052 quam
825 2975 1080 3053 superstitionem
1102 2997 1174 3057 pras

168 3100 239 3139 vam
255 3080 450 3139 inmodicam.
493 3080 569 3139 Ideo
584 3081 683 3139 dilata
697 3081 873 3155 cognitione
887 3082 928 3141 ad
944 3081 1172 3143 consulendum

109 3191 199 3306 sle
214 3186 383 3245 decucurri.
426 3186 504 3245 Visa
517 3191 565 3244 'est
576 3185 659 3244 enim
671 3186 749 3244 mihi
761 3205 809 3245 res
822 3187 917 3264 digna
928 3186 1171 3265 consultatione,
1192 3202 1208 3248 9

167 3292 303 3350 maxime
331 3297 457 3370 propter
481 3291 728 3369 periclitantium
749 3311 921 3351 numerum.
964 3293 1061 3365 Multi
1082 3268 1184 3354 eninix

118 3404 147 3449 30
168 3397 269 3456 omnis
290 3398 413 3471 aetatis,
431 3398 531 3457 omnis
553 3397 680 3471 ordinis,
692 3397 859 3477 ,utriusque
881 3418 973 3458 sexus
995 3399 1100 3475 etiam,
1118 3419 1173 3460 vo

149 3508 267 3561 cantur
277 3504 311 3562 in
326 3504 509 3584 periculum
525 3486 781 3583 ebrocabuntur.
817 3505 935 3579 Neque
947 3503 1175 3563 diritatestam

70 3550 94 3640 ι
129 3606 200 3664 turn
233 3611 294 3671 sed
331 3613 423 3678 vicos
452 3615 559 3678 etiam
591 3620 693 3695 atque
720 3610 818 3688 agros
842 3602 1208 3683 supensth'xoiixsfxstxus
