2512 3870
433 173 693 247 nrrsrun'naun
718 197 764 246 iv.
787 197 825 248 n.

556 435 607 495 46.
637 432 705 514 (x.)
789 420 792 426 '

305 595 334 646 C.
362 594 506 644 PLINIUS
530 593 660 643 STATIO
684 593 816 643 SABINO
840 593 907 643 SUO
930 593 957 644 S.

132 739 156 788 Τ
157 742 188 790 bc
200 742 297 792 lcuoum
310 742 403 791 wishes
415 741 447 804 os
460 756 476 792 α
489 743 609 791 certatrix
622 755 668 791 ure
680 747 706 790 to
720 741 749 791 bc
759 741 886 804 suljllled
902 755 964 791 even
976 742 1003 804 is
1012 748 1057 792 rect
1069 742 1133 803 drzu

559 833 702 894 expressed.

93 957 107 1002 1
171 947 286 1008 Scribis
301 922 380 1007 mihi
396 948 552 1022 Sabinam,
562 966 642 1025 quae
654 967 710 1007 nos
722 947 851 1024 reliquit
860 948 998 1023 heredes,
1012 948 1133 1008 Modes-

129 1059 196 1111 tum
218 1071 342 1112 servum
363 1072 453 1112 suum
470 1072 625 1130 nusquam
643 1053 776 1112 liberum
794 1071 861 1112 esse
877 1053 1014 1128 iussisse,
1030 1053 1132 1112 eidem

128 1164 234 1217 tamen
256 1158 300 1218 sie
322 1159 526 1236 adscripsisse
548 1159 686 1234 legatum
705 1159 868 1218 ‘Modesto
885 1176 977 1235 quem
998 1158 1130 1218 liberum

93 1272 196 1323 2esse
216 1262 313 1323 iussi)
356 1264 485 1334 Quaeris
504 1264 581 1341 quid
602 1263 744 1323 sentiam.
788 1263 914 1323 Contuli
933 1281 1000 1322 cum
1020 1264 1131 1340 peritis

128 1368 214 1429 iuris.
235 1424 237 1428 Α
258 1370 413 1430 Convenit
430 1370 513 1428 inter
530 1389 637 1429 omnes
654 1388 711 1427 nec
728 1368 906 1428 libertatem
925 1369 1040 1444 deberi,
1057 1369 1132 1446 quia
1151 1382 1166 1428 ὅ

129 1474 249 1534 nonsit
266 1474 348 1549 data,
368 1493 425 1533 nec
446 1474 593 1551 legatum,
612 1475 687 1552 quia
707 1493 796 1534 servo
818 1493 873 1533 suo
895 1475 1025 1534 dederit.
1070 1475 1132 1533 Sed
1222 1470 1229 1483 '

128 1579 208 1638 milri
225 1580 412 1639 manifestus
430 1598 515 1639 error
534 1580 667 1654 videtur,
683 1579 815 1656 ideoque
831 1585 907 1656 puto
926 1579 1025 1654 nobis,
1041 1579 1132 1657 quasi

129 1684 291 1763 scripserit
322 1684 446 1759 Sabina,
475 1685 655 1745 laciendum
689 1686 773 1762 quod
804 1686 874 1763 ipsa
905 1685 1067 1762 scripsisse
1098 1703 1131 1744 se

91 1802 107 1847 3
129 1789 270 1848 credidit.
314 1789 444 1848 Confido
465 1808 662 1850 accessurum
687 1795 718 1849 te
744 1790 919 1851 sententiae
944 1808 1039 1864 meae,
1061 1808 1131 1848 eum

128 1894 365 1970 religiosissime
388 1895 488 1954 soleas
509 1895 665 1955 custodire
688 1895 907 1954 defunctorum
927 1895 1130 1968 voluntatem,
1152 1909 1180 1954 10

129 2019 223 2076 quam
244 2000 334 2060 bonis
355 2000 522 2060 heredibus
544 1999 740 2060 intellexisse
759 2020 816 2077 pro
835 2001 902 2059 iure
921 1981 990 2060 est.t
1019 2000 1131 2076 Neque

128 2105 213 2164 enim
234 2105 338 2165 minus
359 2107 444 2182 apud
464 2125 520 2166 nos
542 2105 689 2165 honestas
711 2125 805 2183 quam
826 2107 909 2183 apud
931 2106 1008 2165 alios
1030 2124 1132 2165 neces·

90 2226 107 2271 4
129 2211 206 2271 sitas
226 2210 319 2270 valet.
362 2211 504 2270 Moretur
525 2229 598 2287 crgo
615 2211 649 2268 in
669 2211 814 2271 libertate
836 2211 1010 2297 sinentibus
1032 2210 1130 2285 nobis,

128 2316 253 2375 fruatur
273 2315 386 2392 legat0,
408 2316 498 2393 quasi
520 2315 625 2375 omnia
646 2315 887 2392 diligentissime
909 2315 1035 2375 caverit.
1079 2316 1133 2376 (la

128 2421 177 2480 vit
190 2421 275 2480 enim
289 2439 369 2498 quae
383 2420 513 2481 heredes
527 2422 605 2482 bene
620 2420 724 2497 elegit.
767 2421 853 2482 Vale.
1152 2437 1180 2482 15

536 2669 589 2729 47.
618 2665 723 2747 (xri.)

276 2827 305 2875 (¹.
331 2826 475 2877 PLINIUS
499 2824 653 2876 MATURO
677 2825 845 2876 nnnlnuo
869 2825 936 2876 SUO
961 2826 987 2877 S.

465 2972 492 3022 A
502 2975 661 3036 scrupulosis
673 2979 803 3035 quaestor.

93 3133 107 3178 1
170 3119 268 3179 Amas
289 3119 459 3195 Egnatium
482 3118 703 3179 Marcellinum
721 3124 814 3196 atque
836 3118 931 3203 etiam
948 3117 1025 3176 mihi
1040 3136 1132 3195 saepe

80 3229 84 3234 '
129 3225 345 3284 commendas:
374 3223 493 3284 amabis
521 3223 621 3299 magis
649 3223 951 3300 commendabisque‚
976 3223 1002 3282 si
1026 3241 1133 3297 cogno

92 3343 107 3388 2
128 3329 213 3390 veris
235 3329 302 3390 eius
323 3347 430 3389 recens
452 3329 580 3388 factum.
624 3329 701 3389 Cum
724 3329 758 3386 in
780 3328 973 3406 provinciam
988 3333 1133 3404 quaestor

129 3434 249 3494 exisset
277 3435 473 3512 scribamque
495 3435 550 3511 qui
575 3440 657 3494 sorte
680 3434 835 3510 obtigerat
861 3438 933 3492 ante
957 3432 1143 3506 legitimum

123 3540 235 3597 salarii
249 3545 372 3616 tempus
393 3541 557 3605 amisisset
560 3543 674 3625 ‚quod
693 3547 869 3624 acceperat
887 3538 1019 3601 sor'luae
1030 3530 1224 3597 omnm&

70 3649 89 3692 3
105 3639 275 3700 intellexit
287 3649 369 3706 ets
356 3649 458 3710 tatuit
474 3654 657 3720 subsidere
673 3656 769 3739 apud
784 3672 824 3717 se
834 3668 912 3714 nou
921 3647 1149 3724 opomere
1107 3604 1209 3681 W&
