2512 3870
453 712 594 776 LIBER
626 712 849 791 QUINTUS.

562 951 614 1011 00
643 949 698 1030 (r.)

306 1108 335 1158 C.
361 1107 505 1158 PLINIUS
528 1107 642 1157 ANNIO
666 1108 809 1158 SEVERO
832 1109 900 1160 SUO
924 1109 950 1160 S.

367 1256 431 1317 Why
444 1256 525 1316 Pliny
536 1269 591 1305 roos
600 1257 690 1316 proed
704 1257 736 1318 os
745 1257 788 1305 his
801 1259 898 1320 100000.

171 1401 324 1477 Legatum
334 1400 412 1458 mihi
422 1400 551 1458 obvenit
562 1400 717 1458 modicum
730 1402 785 1460 sed
794 1403 991 1480 amplissimo
1001 1406 1131 1481 gratius.
1155 1413 1169 1458 1

131 1507 193 1568 Cur
204 1506 398 1583 amplissimo
410 1505 553 1579 gratius?
576 1506 750 1582 Pomponia
761 1507 854 1567 Galla
864 1509 1055 1570 exheredato
1066 1511 1134 1571 filio

130 1612 252 1672 Asudio
261 1587 396 1671 Curiano
407 1610 553 1668 heredem
568 1610 739 1687 reliquerat
753 1631 810 1686 me,
823 1613 953 1673 dederat
963 1616 1133 1678 coheredes

132 1717 304 1778 Sertorium
324 1717 481 1790 Severum,
500 1716 690 1792 praetorium
708 1716 819 1792 virum,
836 1719 979 1796 aliosque
997 1722 1135 1799 splendi-

96 1835 111 1880 5
130 1824 188 1884 dos
205 1823 327 1900 equites
346 1823 511 1881 Romanos.
555 1821 710 1881 Curianus
727 1823 836 1882 orabat
853 1830 887 1881 ut
905 1825 966 1884 sibi
983 1826 1134 1887 donarem
1155 1838 1171 1882 2

130 1929 306 2007 portionem
333 1946 433 1985 meam
462 1945 556 2002 seque
587 1926 779 2002 praeiudicio
809 1929 966 2006 iuvarem;
1001 1933 1133 1992 eandem

130 2034 229 2094 tacita
242 2032 447 2092 conventione
463 2031 581 2091 salvam
600 2032 679 2089 mihi
695 2032 909 2108 pollicebatur.
953 2037 1135 2114 Responde
1154 2047 1170 2092 3

130 2140 201 2199 bam
215 2158 279 2197 non
293 2137 458 2197 convenire
472 2137 610 2196 moribus
624 2137 702 2196 meis
720 2138 806 2197 aliud
820 2140 925 2216 palam
940 2141 1028 2200 aliud
1042 2161 1134 2218 agere

131 2251 258 2318 secreto,
271 2249 432 2321 praeterea
446 2262 508 2300 non
523 2261 590 2301 esse
605 2243 682 2302 satis
697 2243 864 2303 honestum
875 2246 991 2306 donare
1006 2247 1135 2308 001000-

83 2367 111 2413 10
130 2351 209 2428 pleti
224 2356 256 2408 et
271 2349 354 2422 orbo,
370 2348 403 2406 in
420 2366 550 2421 summa,
566 2367 629 2406 non
643 2349 842 2424 profuturum
857 2351 894 2425 ei,
911 2351 939 2411 si
958 2352 1133 2429 donassem,

130 2457 339 2533 profuturum,
356 2454 383 2512 si
398 2453 569 2526 cessissem,
586 2473 653 2513 esse
668 2459 773 2512 autem
790 2473 840 2512 me
854 2462 1000 2533 paratum
1013 2459 1133 2534 cedere,

131 2562 158 2622 si
176 2562 283 2638 inique
300 2561 525 2619 exheredatum
546 2561 625 2618 mihi
644 2560 788 2638 liqueret.
830 2561 883 2621 Ad
897 2562 956 2622 hoc
970 2563 1026 2622 ille
1041 2569 1134 2640 ‘rogo
1152 2577 1168 2622 4

130 2667 316 2742 cognoscas,²
359 2666 531 2726 Cunctatus
546 2666 673 2744 paulum
687 2672 694 2702 ‘
703 2668 832 2726 faciam'
848 2668 990 2744 inquam:
1015 2674 1135 2746 ‘neque

131 2773 214 2831 enim
229 2773 321 2831 video
336 2790 390 2830 cur
405 2771 473 2848 ipse
487 2790 536 2830 me
547 2772 699 2830 minorem
713 2778 821 2848 putem
832 2792 925 2849 quam
939 2773 999 2832 tibi
1014 2774 1133 2834 videor.

82 2891 110 2936 15
131 2879 192 2939 Sed
208 2880 270 2938 iam
285 2897 367 2937 nunc
379 2883 534 2936 memento
548 2897 611 2936 nou
623 2878 802 2936 defuturam
817 2878 894 2936 mihi
910 2880 1133 2956 constantiam,

130 2986 157 3046 si
169 2987 215 3046 ita
226 2985 304 3046 fides
315 2985 452 3058 duxerit,
462 2985 631 3043 secundum
646 2990 776 3043 matrem
788 2990 874 3043 tuam
886 2979 1136 3062 pronuntiandis

131 3093 196 3166 ‘Ut
216 3091 319 3151 voles'
338 3092 399 3150 ait:
424 3090 526 3149 ‘voles
544 3090 627 3148 enim
647 3090 729 3166 quod
750 3090 993 3166 aequissimum)
1035 3090 1135 3150 Adhi-
1154 3101 1169 3146 5

129 3197 183 3256 bui
204 3197 237 3255 in
256 3197 423 3255 consilium
442 3196 518 3254 duos
534 3215 611 3272 quos
630 3200 705 3254 tunc
720 3195 833 3255 civitas
850 3202 958 3256 nostra
973 3196 1135 3273 spectatis·

130 3303 225 3362 simos
240 3303 360 3375 habuit,
377 3301 546 3362 Corellium
561 3307 593 3360 et
607 3301 801 3360 Frontinum.
844 3302 907 3362 His
922 3302 1134 3363 circumdatus

80 3418 110 3464 20
129 3409 163 3467 in
179 3408 322 3468 cubiculo
339 3425 406 3466 meo
429 3408 504 3466 sedi.
547 3407 638 3466 Dixit
653 3407 807 3467 Curianus
827 3426 906 3484 quae
924 3427 981 3484 pro
999 3425 1031 3466 se
1046 3413 1136 3484 puta-
1154 3418 1171 3463 6

112 3512 175 3572 bat,
222 3514 390 3596 Respondi
409 3515 525 3596 paucis
541 3533 618 3594 ego,
637 3513 845 3592 nequeenim
860 3513 972 3570 sueres
987 3512 1071 3569 axius
1083 3514 1144 3584 0οἰ0

89 3615 277 3684 defunctae
289 3625 461 3705 pudorem
476 3630 650 3690 tueretur:
675 3619 797 3683 deinde
808 3614 975 3678 secessret
986 3608 1172 3706 sucessum
