2512 3870
424 160 686 211 nrisruuxauu
711 159 774 209 vu.
794 161 834 210 19.
1090 150 1131 214 95

128 353 195 392 rum
211 352 302 393 cimae
316 333 539 410 custodiaeque
554 333 751 392 mandantur.
793 333 861 403 Quo
872 351 1000 392 munere
1012 333 1133 392 Fannia

93 457 108 501 3
127 438 201 496 dum
217 438 326 498 sedulo
341 438 493 514 fungitur,
509 438 567 497 hoc
585 437 766 497 discrimine
788 437 933 515 inplicita
953 443 1009 498 est.
1053 437 1132 498 Insi-

128 544 204 603 dent
217 544 332 619 febres,
344 544 441 603 tussis
456 543 611 618 increscit,
625 562 747 602 summa
761 543 884 617 macies,
898 562 1019 602 summa
1032 543 1132 603 defee

127 649 188 708 tio:
218 649 341 708 animus
362 654 485 708 tantum
514 654 546 707 et
574 648 705 725 spiritus
727 648 813 723 viget
836 648 987 708 Helvidio
1008 649 1130 724 marito,

129 754 265 815 Thrasea
281 760 370 832 patre
388 754 609 829 dignissimus3
632 754 754 831 reliqua
768 754 916 814 labuntur
936 773 1048 831 meque
1069 773 1131 814 non
1151 765 1165 810 t
1244 758 1250 767 '

93 873 108 916 4
129 866 213 918 metu
227 865 349 920 tantum
366 878 473 918 verum
488 859 584 919 etiarn
599 858 704 918 dolore
719 858 895 919 conficiunt.
938 859 1037 918 Doleo
1048 860 1130 919 enim

128 964 279 1024 feminam
294 965 461 1024 maximam
477 965 557 1042 eripi
571 964 669 1024 oculis
684 965 832 1039 civitatis,
844 964 949 1024 nescio
960 983 999 1023 an
1011 965 1132 1041 aliquid

130 1069 231 1129 simile
246 1070 370 1130 visuris.
413 1070 499 1141 Quae
510 1070 639 1130 castitas
650 1069 715 1129 illi!
736 1089 815 1147 quae
827 1070 994 1130 sanctitas!
1013 1076 1132 1146 quanta

129 1175 284 1249 gravitas!
306 1181 424 1252 quanta
438 1175 631 1235 constantia!
674 1175 730 1234 Bis
752 1175 898 1234 maritum
916 1175 1069 1235 secutam
1083 1195 1132 1235 ex-

94 1298 109 1341 5
130 1279 234 1339 silium
256 1285 313 1355 est,
330 1280 424 1339 tertio
444 1280 514 1358 ipsa
537 1285 665 1357 propter
688 1279 835 1339 maritum
860 1280 1006 1355 relegata.
1048 1281 1132 1340 Nam
1152 1293 1180 1339 10

128 1404 199 1444 cum
214 1385 343 1445 Senecio
364 1403 434 1444 reus
456 1391 547 1459 esset,
563 1385 646 1460 quod
661 1385 699 1443 de
714 1384 781 1444 vita
795 1385 927 1443 Helvidi
943 1385 1039 1445 libros
1054 1404 1132 1445 com-

129 1491 294 1569 posuisset,
309 1496 513 1567 rogatumque
528 1509 561 1550 se
576 1509 594 1549 a
608 1490 731 1549 Fannia
744 1490 777 1548 in
792 1490 973 1549 defensione
988 1490 1130 1567 dixisset,

129 1601 297 1674 quaerente
325 1595 489 1655 minaciter
514 1595 612 1654 Metio
634 1596 713 1655 Caro
743 1614 783 1654 an
810 1601 950 1670 rogasset
970 1597 1133 1673 respondit

130 1701 274 1777 ‘rogavi'
296 1720 336 1761 an
358 1701 596 1760 commentarios
619 1701 774 1777 scripturo
795 1699 943 1774 dedisset,
962 1700 1071 1775 ‘dedi,'
1092 1720 1132 1760 an

130 1807 247 1866 sciente
268 1812 376 1881 matre,
400 1806 611 1880 ‘nesciente';
639 1811 797 1882 postremo
818 1805 937 1864 nullam
959 1825 1065 1865 vocem
1087 1824 1180 1869 ce-1a

95 1931 110 1975 6
129 1913 254 1972 dentem
283 1912 421 1989 periculo
449 1911 563 1971 emisit.
606 1911 689 1982 Quin
711 1911 804 1970 etiam
825 1910 897 1971 illos
919 1911 1003 1988 ipsos
1025 1911 1130 1988 libros

129 2036 317 2094 quamquam
344 2036 383 2076 ex
410 2016 596 2076 necessitate
624 2022 656 2075 et
684 2022 769 2076 metu
796 2021 970 2092 temporum
998 2017 1131 2076 abolitos

130 2129 255 2182 senatus
277 2121 428 2197 consulte,
449 2121 618 2200 publicatis
640 2121 731 2182 bonis
753 2122 890 2182 servavit
910 2122 1031 2197 habuit,
1047 2122 1132 2182 tulit

96 2246 190 2304 aque
211 2228 245 2286 in
267 2227 414 2288 exsilium
431 2227 536 2287 exsilii
557 2246 690 2287 causam.
732 2227 851 2288 Eadem
872 2208 975 2303 quam·
986 2227 1130 2303 iucunda,

129 2352 222 2409 quam
238 2333 343 2408 comis,
359 2352 450 2411 quam
473 2332 618 2408 denique,
634 2332 717 2409 quod
738 2332 846 2409 paucis
867 2332 975 2391 datum
996 2338 1053 2407 est,
1068 2352 1132 2391 non
1151 2353 1181 2398 20

129 2437 233 2498 minus
261 2437 405 2498 amabilis
426 2456 519 2515 quam
540 2437 734 2496 veneranda!
776 2437 886 2495 Eritne
909 2455 1002 2513 quam
1024 2444 1133 2514 postea

129 2543 278 2603 uxoribus
306 2543 422 2602 nostris
450 2547 606 2602 ostentare
633 2541 815 2618 possimus?
851 2542 912 2601 erit
939 2561 1047 2619 aqua
1070 2543 1132 2601 viri
1194 2525 1197 2528 ’

129 2667 252 2725 quoque
280 2647 478 2707 fortitudinis
507 2646 649 2724 exempla
674 2648 859 2706 sumamus?
888 2666 981 2724 quam
1004 2647 1049 2706 sic
1071 2666 1132 2706 cer-

129 2759 239 2813 nentes
262 2753 487 2829 audientesque
512 2752 660 2810 miremur
687 2741 723 2810 ut
751 2751 822 2811 illas
841 2771 930 2828 ¹quae
957 2751 1130 2828 leguntur?

95 2875 109 2919 8
129 2859 177 2917 Ac
191 2858 269 2917 mihi
284 2859 393 2917 domus
408 2857 479 2935 ipsa
492 2864 602 2917 nutare
620 2856 830 2933 convulsaque
851 2857 977 2916 sedibus
992 2857 1057 2917 suis
1069 2858 1132 2945 rui·
1150 2875 1179 2919 25

129 2968 201 3022 tura
215 2983 310 3040 supra
322 2949 457 3037 videtur,
473 2962 546 3021 licet
561 2962 663 3021 adhuc
678 2968 818 3039 posteros
833 2961 955 3021 habeat.
998 2961 1130 3032 Quantis

130 3069 213 3127 enim
240 3068 412 3127 virtutibus
440 3067 628 3144 quantisque
653 3066 747 3126 factis
768 3067 978 3144 adsequentur
998 3073 1034 3127 ut
1055 3067 1131 3126 haec

95 3194 192 3238 cnon
206 3173 378 3233 novissima
392 3173 565 3232 occiderit?
607 3174 660 3231 Me
681 3171 807 3249 quidem
828 3171 909 3231 illud
930 3172 1025 3232 etiam
1046 3172 1132 3232 adfii-

130 3280 177 3355 git
201 3286 232 3338 et
255 3284 381 3355 torquet
406 3278 489 3355 quod
513 3283 645 3337 matrem
674 3276 749 3352 eius,
772 3277 859 3336 illam
883 3276 976 3354 (nihil
1004 3296 1131 3354 possum

131 3384 295 3444 inlustrius
317 3383 433 3464 dicere)
449 3388 555 3443 tantae
576 3382 713 3441 feminae
734 3388 874 3456 matrem,
896 3400 1003 3442 rursus
1024 3383 1132 3442 videor
1152 3397 1179 3442 30

131 3490 283 3563 amittere,
300 3508 393 3566 quam
407 3488 493 3564 haec,
509 3494 544 3548 ut
559 3488 664 3548 reddit
677 3506 714 3548 ac
726 3488 830 3548 retest
838 3487 949 3560 nouis,
958 3487 1009 3545 s'xc
1019 3488 1153 3542 autemst

120 3612 224 3651 secum
248 3613 360 3672 meque
374 3601 410 3657 et
423 3617 508 3662 novo
528 3599 655 3679 pariter
670 3604 707 3661 et
718 3597 863 3660 rescisso
873 3591 1019 3654 *inuuere
1036 3580 1189 3643 sudsexen-
