2512 3870
144 132 184 195 96
566 142 596 192 c.
619 142 718 192 mnu
750 91 753 96 ‚

144 319 317 394 Utramque
332 317 422 391 colui,
435 324 598 396 utramque
610 319 723 394 dilexi3
740 325 843 378 utram
854 319 952 395 magis
963 319 1076 393 nescio,
1089 337 1146 378 nec
1168 331 1197 376 ιο

142 422 276 482 discerni
298 422 454 521 golebant.
498 424 686 483 Habuerunt
708 423 809 483 officia
832 443 901 483 mea
928 423 962 482 in
990 423 1145 499 secundis,

141 528 318 587 habuerunt
339 528 372 586 in
393 529 542 588 adversis.
585 530 652 605 Ego
677 528 827 588 solacium
851 529 1066 605 relegatorum,
1089 547 1147 604 ego

141 633 225 692 ultor
246 652 456 708 reversarum;
478 653 540 692 non
558 634 620 693 feci
637 640 743 693 tamen
759 634 857 711 paria,
872 640 966 712 atque
988 652 1024 693 eo
1045 634 1146 709 magis
1235 704 1237 709 ¹

107 749 122 795 5
142 739 222 797 hanc
242 738 333 815 cupio
355 738 481 813 servari,
500 744 535 797 ut
554 739 631 797 ruihi
651 739 794 799 solvendi
815 745 956 817 tempora
976 739 1144 816 supersint.

142 844 182 902 In
203 843 253 902 his
274 862 357 902 eram
380 843 472 917 curis,
495 863 565 903 oum
590 843 756 903 scriberem
778 844 818 903 ad
839 849 890 919 te3
919 863 997 921 quas
1019 844 1047 903 si
1067 844 1145 904 deus
1166 861 1194 906 11

141 948 257 1026 aliquis
272 948 305 1006 in
320 948 468 1024 gaudium
483 949 621 1023 verterit,
643 949 680 1007 de
701 954 788 1008 metu
808 968 871 1008 non
892 967 1013 1027 queram
1055 949 1144 1010 Vale.

296 1170 299 1176 ²
550 1169 603 1230 oo.
632 1167 732 1248 (xx.)
1067 1193 1069 1196 ⁴

393 1315 423 1366 C.
448 1314 592 1366 PLINIUS
614 1314 750 1366 TACITO
774 1315 842 1367 SUO
865 1316 891 1367 S.
1008 1157 1107 1379 if

254 1451 367 1502 Interest
379 1452 411 1513 os
420 1451 501 1512 Pliny
513 1451 569 1501 ond
584 1451 692 1501 Tacitus
708 1451 739 1500 tn
750 1451 814 1502 cort
826 1451 923 1502 others
934 1451 1029 1519 goerico

1179 1092 1205 1130 l

182 1584 312 1643 Librum
331 1588 420 1642 tuum
441 1581 504 1657 legi
525 1588 557 1641 et
578 1601 672 1660 quam
693 1582 934 1658 diligentissime
949 1583 1037 1660 potui
1051 1583 1148 1642 admo
1166 1595 1181 1640 1

55 1742 61 1749 .
140 1689 208 1750 tavi
222 1708 302 1767 quae
316 1688 543 1760 commutanda,
559 1706 639 1765 quae
656 1687 821 1747 eximenda
840 1688 1016 1748 arbitrarer.
1058 1688 1146 1746 Nam

93 1809 122 1854 10
141 1800 173 1855 et
187 1814 244 1870 ego
259 1813 365 1853 verum
380 1793 483 1852 dicere
498 1792 627 1852 adsuevi
639 1798 670 1852 et
680 1799 716 1852 tu
727 1793 861 1853 libenter
871 1793 988 1853 audire.
1030 1793 1146 1870 Neque

141 1901 224 1960 enim
247 1899 305 1959 ulli
327 1899 499 1976 patientius
521 1898 790 1975 reprehenduntur
812 1918 907 1976 quam
929 1899 984 1976 qui
1006 1899 1146 1959 maxime

141 2006 263 2066 laudari
276 2010 443 2064 merentur.
485 2005 579 2062 Nunc
593 2023 612 2063 a
625 2009 656 2062 te
671 2003 785 2064 librum
802 2023 905 2063 meum
926 2022 997 2063 cum
1016 2004 1147 2065 adnota-

140 2111 278 2171 tionibus
303 2110 367 2170 tuis
392 2115 546 2186 exspecto.
590 2109 616 2170 Ο
638 2099 808 2185 iucundas
827 2128 844 2168 ο
871 2109 1018 2187 pulchras
1039 2109 1180 2191 ricesla

140 2217 240 2287 Quam
260 2234 310 2274 me
331 2214 467 2274 delectat
486 2214 578 2290 quod,
594 2214 621 2273 si
641 2233 702 2292 qua
722 2214 855 2292 posteris
876 2233 951 2274 cura
969 2214 1080 2290 nostri,
1095 2234 1147 2275 us

92 2332 120 2376 15
139 2338 325 2399 quequaque
359 2318 536 2394 narrabitur
564 2337 626 2396 qua
652 2319 817 2379 concordia
844 2318 1047 2397 simplicitate
1080 2318 1145 2380 fide

139 2427 328 2491 vixerimus!
370 2425 442 2483 Erit
462 2443 566 2483 rarum
588 2429 619 2483 et
640 2423 763 2500 insigne
784 2424 861 2484 duos
882 2423 1024 2484 homines
1039 2430 1146 2485 aetate
1165 2443 1181 2489 3

139 2532 293 2609 dignitate
321 2530 544 2608 propemodum
568 2529 722 2606 aequales,
743 2549 806 2589 non
830 2528 949 2589 nullius
969 2528 1003 2587 in
1024 2528 1146 2592 litteris
1236 2583 1242 2591 .

139 2637 273 2697 nominis
297 2635 402 2717 (cogor
422 2635 505 2696 enirn
528 2635 618 2693 dete
639 2653 762 2712 quoque
783 2635 907 2712 parcius
933 2635 1035 2695 dicere
1066 2635 1146 2713 quia

139 2744 177 2803 de
193 2762 242 2802 me
258 2740 351 2802 simul
365 2741 459 2821 dico),
472 2739 604 2799 alterum
619 2738 748 2800 alterius
761 2739 865 2800 studia
879 2679 1146 2903 fovisse.[Equi-
1164 2754 1182 2799 4

90 2866 120 2911 ao
140 2851 208 2909 dem
225 2845 487 2931 adulescentulus,
503 2864 572 2904 cum
591 2845 654 2904 iam
673 2851 709 2904 tu
727 2846 812 2905 fama
831 2844 991 2923 gloriaque
1028 2863 1144 2922 oteres,

138 2960 170 3014 te
198 2953 302 3031 sequi·
318 2952 377 3012 tibi
399 2951 490 3027 longo
512 2951 565 3010 sed
588 2949 748 3027 proximus
776 2949 943 3010 intervallo
964 2956 996 3010 et
1016 2969 1087 3011 esse
1112 2956 1146 3012 et

138 3046 531 3134 haberi‘oonoupiseebam.
574 3056 617 3114 Et
638 3060 727 3115 erant
747 3055 848 3115 multa
868 3054 1042 3116 clarissima
1058 3055 1147 3133 inge-

137 3166 207 3225 nia:
231 3165 285 3224 sed
300 3171 335 3223 tu
349 3161 428 3221 mihi
445 3160 504 3240 (ita
518 3160 692 3221 similitudo
706 3165 836 3220 naturae
855 3159 989 3242 ferebat)
1004 3160 1146 3222 maxime
1188 3195 1193 3205 ·

137 3269 311 3343 imitabilis,
347 3267 482 3327 inarime
517 3265 688 3325 imitandus
716 3265 881 3326 videbaris.
938 3266 1005 3336 Quo
1039 3266 1182 3344 magias

88 3401 118 3447 25
138 3376 257 3452 gaudeo
279 3374 370 3452 quod,
390 3372 416 3431 si
438 3371 509 3448 quis
531 3371 568 3429 de
590 3370 704 3431 studiis
726 3351 835 3443 sermo,
850 3389 913 3430 una
933 3369 1145 3448 nominamur,

125 3482 215 3558 quod
228 3481 268 3541 de
284 3487 315 3542 te
329 3476 535 3560 loquentibus
557 3477 667 3538 statim
685 3495 821 3537 occurro.
861 3477 928 3536 Neo
950 3476 1066 3536 desunt
1087 3478 1156 3557 qui.

106 3587 246 3666 utrique
272 3596 429 3653 nostrum
458 3587 715 3676 praeferantur.¹
745 3582 815 3644 bed
832 3598 907 3652 nos,
920 3577 1009 3648 simil
1022 3577 1202 3658 inionem
1242 3567 1248 3573 ’
