<?xml version="1.0" encoding="UTF-8"?>
<!DOCTYPE html PUBLIC "-//W3C//DTD XHTML 1.0 Transitional//EN"
    "http://www.w3.org/TR/xhtml1/DTD/xhtml1-transitional.dtd">
<html xmlns="http://www.w3.org/1999/xhtml" xml:lang="en" lang="en">
 <head>
  <title>
</title>
<meta http-equiv="Content-Type" content="text/html;charset=utf-8" />
  <meta name='ocr-system' content='tesseract 3.04.00' />
  <meta name='ocr-capabilities' content='ocr_page ocr_carea ocr_par ocr_line ocrx_word'/>
</head>
<body>
  <div class='ocr_page' id='page_1' title='image "./cplinisecundiep01plingoog_0128.png"; bbox 0 0 2512 3870; ppageno 0'>
   <div class='ocr_carea' id='block_1_1' title="bbox 424 152 1121 215">
    <p class='ocr_par' dir='ltr' id='par_1_1' title="bbox 424 152 1121 215">
     <span class='ocr_line' id='line_1_1' title="bbox 424 152 1121 215; baseline 0.007 -5"><span class='ocrx_word' id='word_1_1' title='bbox 424 160 684 210; x_wconf 78' lang='lat' dir='ltr'><strong>nrrsrunnuuu</strong></span> <span class='ocrx_word' id='word_1_2' title='bbox 709 161 755 210; x_wconf 88' lang='lat' dir='ltr'><strong>vr.</strong></span> <span class='ocrx_word' id='word_1_3' title='bbox 776 160 816 212; x_wconf 84' lang='lat'><strong>33.</strong></span> <span class='ocrx_word' id='word_1_4' title='bbox 1079 152 1121 215; x_wconf 87' lang='grc'><strong>89</strong></span> 
     </span>
    </p>
   </div>
   <div class='ocr_carea' id='block_1_2' title="bbox 64 304 1121 878">
    <p class='ocr_par' dir='ltr' id='par_1_2' title="bbox 64 304 1121 623">
     <span class='ocr_line' id='line_1_2' title="bbox 64 304 1121 425; baseline 0.003 -34"><span class='ocrx_word' id='word_1_5' title='bbox 64 418 68 425; x_wconf 30' lang='lat'>¹</span> <span class='ocrx_word' id='word_1_6' title='bbox 118 332 158 392; x_wconf 90' lang='lat' dir='ltr'><strong>de</strong></span> <span class='ocrx_word' id='word_1_7' title='bbox 185 332 339 393; x_wconf 88' lang='lat' dir='ltr'><strong>avunoulo</strong></span> <span class='ocrx_word' id='word_1_8' title='bbox 363 333 514 411; x_wconf 54' lang='lat' dir='ltr'><strong>nuntius,</strong></span> <span class='ocrx_word' id='word_1_9' title='bbox 545 335 632 394; x_wconf 89' lang='lat' dir='ltr'><strong>Haeo</strong></span> <span class='ocrx_word' id='word_1_10' title='bbox 652 353 848 412; x_wconf 84' lang='lat' dir='ltr'>nequaquam</span> <span class='ocrx_word' id='word_1_11' title='bbox 870 333 1004 394; x_wconf 89' lang='lat' dir='ltr'><strong>historia</strong></span> <span class='ocrx_word' id='word_1_12' title='bbox 1026 304 1121 410; x_wconf 89' lang='lat' dir='ltr'><strong>digna</strong></span> 
     </span>
     <span class='ocr_line' id='line_1_3' title="bbox 118 438 1121 523; baseline 0.005 -27"><span class='ocrx_word' id='word_1_13' title='bbox 118 456 181 496; x_wconf 89' lang='lat' dir='ltr'><strong>non</strong></span> <span class='ocrx_word' id='word_1_14' title='bbox 196 438 368 523; x_wconf 84' lang='lat' dir='ltr'><strong>seripturus</strong></span> <span class='ocrx_word' id='word_1_15' title='bbox 390 438 474 515; x_wconf 87' lang='lat' dir='ltr'><strong>leges</strong></span> <span class='ocrx_word' id='word_1_16' title='bbox 496 444 528 498; x_wconf 91' lang='lat' dir='ltr'><strong>et</strong></span> <span class='ocrx_word' id='word_1_17' title='bbox 545 439 613 514; x_wconf 87' lang='lat' dir='ltr'><strong>tibi,</strong></span> <span class='ocrx_word' id='word_1_18' title='bbox 630 439 750 499; x_wconf 83' lang='lat' dir='ltr'><strong>scilieet</strong></span> <span class='ocrx_word' id='word_1_19' title='bbox 770 440 824 516; x_wconf 93' lang='lat' dir='ltr'><strong>qui</strong></span> <span class='ocrx_word' id='word_1_20' title='bbox 848 438 1017 517; x_wconf 80' lang='lat' dir='ltr'><strong>requisisti,</strong></span> <span class='ocrx_word' id='word_1_21' title='bbox 1033 439 1121 518; x_wconf 90' lang='lat' dir='ltr'><strong>inpu-</strong></span> 
     </span>
     <span class='ocr_line' id='line_1_4' title="bbox 118 542 1062 623; baseline 0.002 -21"><span class='ocrx_word' id='word_1_22' title='bbox 118 542 209 618; x_wconf 86' lang='lat' dir='ltr'><strong>tabis,</strong></span> <span class='ocrx_word' id='word_1_23' title='bbox 225 543 253 604; x_wconf 88' lang='lat' dir='ltr'><strong>si</strong></span> <span class='ocrx_word' id='word_1_24' title='bbox 267 543 364 621; x_wconf 91' lang='lat' dir='ltr'><strong>digna</strong></span> <span class='ocrx_word' id='word_1_25' title='bbox 376 562 416 603; x_wconf 89' lang='lat' dir='ltr'><strong>ne</strong></span> <span class='ocrx_word' id='word_1_26' title='bbox 430 544 566 623; x_wconf 79' lang='lat' dir='ltr'><strong>epistula</strong></span> <span class='ocrx_word' id='word_1_27' title='bbox 580 544 705 622; x_wconf 88' lang='lat' dir='ltr'><strong>quidem</strong></span> <span class='ocrx_word' id='word_1_28' title='bbox 721 543 918 605; x_wconf 87' lang='lat' dir='ltr'><strong>videbuntur.</strong></span> <span class='ocrx_word' id='word_1_29' title='bbox 961 545 1062 607; x_wconf 84' lang='lat' dir='ltr'><strong>Vale.-</strong></span> 
     </span>
    </p>

    <p class='ocr_par' dir='ltr' id='par_1_3' title="bbox 218 730 948 878">
     <span class='ocr_line' id='line_1_5' title="bbox 218 730 948 878; baseline -0.005 -42"><span class='ocrx_word' id='word_1_30' title='bbox 218 846 240 878; x_wconf 43' lang='grc' dir='ltr'><strong><em>γ</em></strong></span> <span class='ocrx_word' id='word_1_31' title='bbox 511 774 564 836; x_wconf 85' lang='lat'><strong>72.</strong></span> <span class='ocrx_word' id='word_1_32' title='bbox 589 771 722 852; x_wconf 82' lang='lat' dir='ltr'>(xxx.)</span> <span class='ocrx_word' id='word_1_33' title='bbox 921 730 948 793; x_wconf 53' lang='lat'>⁴</span> 
     </span>
    </p>
   </div>
   <div class='ocr_carea' id='block_1_3' title="bbox 247 929 1101 986">
    <p class='ocr_par' dir='ltr' id='par_1_4' title="bbox 247 929 1101 986">
     <span class='ocr_line' id='line_1_6' title="bbox 247 929 1101 986; baseline 0.002 -3"><span class='ocrx_word' id='word_1_34' title='bbox 247 929 277 984; x_wconf 82' lang='grc' dir='ltr'><strong>Ο.</strong></span> <span class='ocrx_word' id='word_1_35' title='bbox 299 931 443 984; x_wconf 88' lang='lat' dir='ltr'>PLINIUS</span> <span class='ocrx_word' id='word_1_36' title='bbox 465 931 612 983; x_wconf 79' lang='lat' dir='ltr'><strong>FABATO</strong></span> <span class='ocrx_word' id='word_1_37' title='bbox 635 931 848 984; x_wconf 71' lang='lat' dir='ltr'><strong>Prosocero</strong></span> <span class='ocrx_word' id='word_1_38' title='bbox 872 932 940 984; x_wconf 84' lang='lat' dir='ltr'><strong>SUO</strong></span> <span class='ocrx_word' id='word_1_39' title='bbox 963 933 990 986; x_wconf 86' lang='lat' dir='ltr'><strong>S.</strong></span> <span class='ocrx_word' id='word_1_40' title='bbox 1095 960 1101 977; x_wconf 69' lang='grc' dir='ltr'><em>ι</em></span> 
     </span>
    </p>
   </div>
   <div class='ocr_carea' id='block_1_4' title="bbox 357 1079 876 1143">
    <p class='ocr_par' dir='ltr' id='par_1_5' title="bbox 357 1079 876 1143">
     <span class='ocr_line' id='line_1_7' title="bbox 357 1079 876 1143; baseline -0.002 -13"><span class='ocrx_word' id='word_1_41' title='bbox 357 1079 449 1131; x_wconf 80' lang='lat' dir='ltr'><strong>About</strong></span> <span class='ocrx_word' id='word_1_42' title='bbox 461 1094 477 1131; x_wconf 84' lang='lat' dir='ltr'><strong>o</strong></span> <span class='ocrx_word' id='word_1_43' title='bbox 489 1085 601 1142; x_wconf 76' lang='lat' dir='ltr'><strong><em>country</em></strong></span> <span class='ocrx_word' id='word_1_44' title='bbox 613 1085 693 1132; x_wconf 78' lang='lat' dir='ltr'><strong>estare</strong></span> <span class='ocrx_word' id='word_1_45' title='bbox 707 1081 739 1143; x_wconf 79' lang='lat' dir='ltr'><strong>of</strong></span> <span class='ocrx_word' id='word_1_46' title='bbox 747 1080 876 1131; x_wconf 79' lang='lat' dir='ltr'><strong>Fabatus.</strong></span> 
     </span>
    </p>
   </div>
   <div class='ocr_carea' id='block_1_5' title="bbox 76 1224 1166 2761">
    <p class='ocr_par' dir='ltr' id='par_1_6' title="bbox 81 1224 1152 1408">
     <span class='ocr_line' id='line_1_8' title="bbox 81 1224 1117 1302; baseline 0.003 -19"><span class='ocrx_word' id='word_1_47' title='bbox 81 1240 94 1283; x_wconf 93' lang='lat'>1</span> <span class='ocrx_word' id='word_1_48' title='bbox 156 1225 312 1286; x_wconf 83' lang='lat' dir='ltr'><strong>Debemus</strong></span> <span class='ocrx_word' id='word_1_49' title='bbox 341 1224 518 1285; x_wconf 83' lang='lat' dir='ltr'><strong>mehercule</strong></span> <span class='ocrx_word' id='word_1_50' title='bbox 545 1225 667 1286; x_wconf 81' lang='lat' dir='ltr'><strong>natales</strong></span> <span class='ocrx_word' id='word_1_51' title='bbox 691 1231 762 1286; x_wconf 90' lang='lat' dir='ltr'><strong>tuos</strong></span> <span class='ocrx_word' id='word_1_52' title='bbox 784 1225 913 1302; x_wconf 85' lang='lat' dir='ltr'><strong>perinde</strong></span> <span class='ocrx_word' id='word_1_53' title='bbox 935 1245 970 1285; x_wconf 87' lang='lat' dir='ltr'><strong>ao</strong></span> <span class='ocrx_word' id='word_1_54' title='bbox 994 1230 1117 1287; x_wconf 87' lang='lat' dir='ltr'><strong>nostros</strong></span> 
     </span>
     <span class='ocr_line' id='line_1_9' title="bbox 115 1330 1152 1408; baseline 0.003 -19"><span class='ocrx_word' id='word_1_55' title='bbox 115 1330 280 1405; x_wconf 82' lang='lat' dir='ltr'><strong>celebrare,</strong></span> <span class='ocrx_word' id='word_1_56' title='bbox 295 1349 364 1390; x_wconf 90' lang='lat' dir='ltr'><strong>oum</strong></span> <span class='ocrx_word' id='word_1_57' title='bbox 384 1330 507 1390; x_wconf 89' lang='lat' dir='ltr'><strong>laetitia</strong></span> <span class='ocrx_word' id='word_1_58' title='bbox 527 1337 703 1390; x_wconf 91' lang='lat' dir='ltr'><strong>nostrorum</strong></span> <span class='ocrx_word' id='word_1_59' title='bbox 724 1349 763 1389; x_wconf 87' lang='lat' dir='ltr'><strong>ex</strong></span> <span class='ocrx_word' id='word_1_60' title='bbox 784 1331 848 1390; x_wconf 86' lang='lat' dir='ltr'><strong>tuis</strong></span> <span class='ocrx_word' id='word_1_61' title='bbox 870 1332 1014 1408; x_wconf 79' lang='lat' dir='ltr'><strong>pendeat,</strong></span> <span class='ocrx_word' id='word_1_62' title='bbox 1029 1331 1152 1393; x_wconf 78' lang='lat' dir='ltr'><strong>ouiuso</strong></span> 
     </span>
    </p>

    <p class='ocr_par' dir='ltr' id='par_1_7' title="bbox 77 1420 1118 1724">
     <span class='ocr_line' id='line_1_10' title="bbox 77 1420 1118 1510; baseline 0 -14"><span class='ocrx_word' id='word_1_63' title='bbox 77 1453 94 1496; x_wconf 84' lang='lat' dir='ltr'><strong>a</strong></span> <span class='ocrx_word' id='word_1_64' title='bbox 115 1435 282 1510; x_wconf 89' lang='lat' dir='ltr'><strong>diligentia</strong></span> <span class='ocrx_word' id='word_1_65' title='bbox 296 1442 328 1495; x_wconf 91' lang='lat' dir='ltr'><strong>et</strong></span> <span class='ocrx_word' id='word_1_66' title='bbox 347 1454 421 1495; x_wconf 90' lang='lat' dir='ltr'><strong>eura</strong></span> <span class='ocrx_word' id='word_1_67' title='bbox 441 1436 493 1495; x_wconf 92' lang='lat' dir='ltr'><strong>hie</strong></span> <span class='ocrx_word' id='word_1_68' title='bbox 515 1435 640 1510; x_wconf 79' lang='lat' dir='ltr'><strong>hilares,</strong></span> <span class='ocrx_word' id='word_1_69' title='bbox 656 1435 729 1495; x_wconf 84' lang='lat' dir='ltr'><strong>istie</strong></span> <span class='ocrx_word' id='word_1_70' title='bbox 750 1436 851 1496; x_wconf 90' lang='lat' dir='ltr'><strong>seouri</strong></span> <span class='ocrx_word' id='word_1_71' title='bbox 873 1455 979 1495; x_wconf 87' lang='lat' dir='ltr'><strong>sumus</strong></span> <span class='ocrx_word' id='word_1_72' title='bbox 1031 1420 1118 1496; x_wconf 91' lang='lat' dir='ltr'><strong>Villa</strong></span> 
     </span>
     <span class='ocr_line' id='line_1_11' title="bbox 115 1514 1118 1619; baseline 0.001 -18"><span class='ocrx_word' id='word_1_73' title='bbox 115 1541 313 1617; x_wconf 83' lang='lat' dir='ltr'><strong>Camilliana,</strong></span> <span class='ocrx_word' id='word_1_74' title='bbox 323 1560 416 1618; x_wconf 87' lang='lat' dir='ltr'><strong>quarn</strong></span> <span class='ocrx_word' id='word_1_75' title='bbox 429 1514 461 1600; x_wconf 85' lang='lat' dir='ltr'><strong>in</strong></span> <span class='ocrx_word' id='word_1_76' title='bbox 473 1541 646 1618; x_wconf 80' lang='lat' dir='ltr'><strong>Campania</strong></span> <span class='ocrx_word' id='word_1_77' title='bbox 657 1541 807 1619; x_wconf 84' lang='lat' dir='ltr'><strong>possides,</strong></span> <span class='ocrx_word' id='word_1_78' title='bbox 820 1547 868 1601; x_wconf 87' lang='lat' dir='ltr'><strong>est</strong></span> <span class='ocrx_word' id='word_1_79' title='bbox 877 1541 1003 1617; x_wconf 89' lang='lat' dir='ltr'><strong>quidem</strong></span> <span class='ocrx_word' id='word_1_80' title='bbox 1017 1547 1118 1602; x_wconf 79' lang='lat' dir='ltr'><strong>retus</strong></span> 
     </span>
     <span class='ocr_line' id='line_1_12' title="bbox 114 1646 1118 1724; baseline -0.001 -18"><span class='ocrx_word' id='word_1_81' title='bbox 114 1652 180 1706; x_wconf 85' lang='lat' dir='ltr'><strong>tate</strong></span> <span class='ocrx_word' id='word_1_82' title='bbox 194 1652 325 1722; x_wconf 73' lang='lat' dir='ltr'><strong>vexata,</strong></span> <span class='ocrx_word' id='word_1_83' title='bbox 348 1665 385 1706; x_wconf 88' lang='lat' dir='ltr'><strong>ea</strong></span> <span class='ocrx_word' id='word_1_84' title='bbox 405 1652 512 1707; x_wconf 86' lang='lat' dir='ltr'><strong>tamen</strong></span> <span class='ocrx_word' id='word_1_85' title='bbox 529 1664 608 1723; x_wconf 91' lang='lat' dir='ltr'><strong>quae</strong></span> <span class='ocrx_word' id='word_1_86' title='bbox 625 1652 700 1706; x_wconf 85' lang='lat' dir='ltr'><strong>sunt</strong></span> <span class='ocrx_word' id='word_1_87' title='bbox 719 1646 903 1724; x_wconf 85' lang='lat' dir='ltr'><strong>pretiosiora</strong></span> <span class='ocrx_word' id='word_1_88' title='bbox 924 1651 978 1706; x_wconf 87' lang='lat' dir='ltr'><strong>aut</strong></span> <span class='ocrx_word' id='word_1_89' title='bbox 995 1646 1118 1722; x_wconf 83' lang='lat' dir='ltr'><strong>integra</strong></span> 
     </span>
    </p>

    <p class='ocr_par' dir='ltr' id='par_1_8' title="bbox 77 1751 1166 2039">
     <span class='ocr_line' id='line_1_13' title="bbox 77 1751 1117 1826; baseline 0.001 -16"><span class='ocrx_word' id='word_1_90' title='bbox 77 1765 95 1810; x_wconf 89' lang='lat'>3</span> <span class='ocrx_word' id='word_1_91' title='bbox 115 1757 243 1811; x_wconf 88' lang='lat' dir='ltr'><strong>manent</strong></span> <span class='ocrx_word' id='word_1_92' title='bbox 270 1757 326 1811; x_wconf 90' lang='lat' dir='ltr'><strong>aut</strong></span> <span class='ocrx_word' id='word_1_93' title='bbox 352 1752 509 1812; x_wconf 84' lang='lat' dir='ltr'><strong>levissime</strong></span> <span class='ocrx_word' id='word_1_94' title='bbox 532 1751 618 1812; x_wconf 91' lang='lat' dir='ltr'><strong>laesa</strong></span> <span class='ocrx_word' id='word_1_95' title='bbox 639 1757 721 1812; x_wconf 88' lang='lat' dir='ltr'><strong>sunt.</strong></span> <span class='ocrx_word' id='word_1_96' title='bbox 762 1751 966 1810; x_wconf 78' lang='lat' dir='ltr'><strong>Attendimus</strong></span> <span class='ocrx_word' id='word_1_97' title='bbox 987 1770 1060 1826; x_wconf 93' lang='lat' dir='ltr'><strong>ergo</strong></span> <span class='ocrx_word' id='word_1_98' title='bbox 1081 1758 1117 1811; x_wconf 92' lang='lat' dir='ltr'><strong>ut</strong></span> 
     </span>
     <span class='ocr_line' id='line_1_14' title="bbox 114 1835 1166 1933; baseline 0.001 -18"><span class='ocrx_word' id='word_1_99' title='bbox 114 1835 427 1933; x_wconf 61' lang='lat' dir='ltr'><strong>quam&#39;saluberrime</strong></span> <span class='ocrx_word' id='word_1_100' title='bbox 441 1856 629 1917; x_wconf 82' lang='lat' dir='ltr'><strong>reficiantur.</strong></span> <span class='ocrx_word' id='word_1_101' title='bbox 672 1858 739 1932; x_wconf 88' lang='lat' dir='ltr'><strong>Ego</strong></span> <span class='ocrx_word' id='word_1_102' title='bbox 754 1856 861 1915; x_wconf 90' lang='lat' dir='ltr'><strong>videor</strong></span> <span class='ocrx_word' id='word_1_103' title='bbox 872 1855 986 1915; x_wconf 89' lang='lat' dir='ltr'><strong>habere</strong></span> <span class='ocrx_word' id='word_1_104' title='bbox 1000 1855 1117 1916; x_wconf 88' lang='lat' dir='ltr'><strong>multos</strong></span> <span class='ocrx_word' id='word_1_105' title='bbox 1137 1877 1166 1921; x_wconf 90' lang='lat'><strong>10</strong></span> 
     </span>
     <span class='ocr_line' id='line_1_15' title="bbox 103 1950 1117 2039; baseline -0.001 -17"><span class='ocrx_word' id='word_1_106' title='bbox 103 1962 240 2037; x_wconf 89' lang='lat' dir='ltr'><strong>amieos,</strong></span> <span class='ocrx_word' id='word_1_107' title='bbox 253 1962 308 2023; x_wconf 90' lang='lat' dir='ltr'><strong>sed</strong></span> <span class='ocrx_word' id='word_1_108' title='bbox 322 1950 416 2023; x_wconf 88' lang='lat' dir='ltr'><strong>huius</strong></span> <span class='ocrx_word' id='word_1_109' title='bbox 431 1962 553 2039; x_wconf 88' lang='lat' dir='ltr'><strong>generis</strong></span> <span class='ocrx_word' id='word_1_110' title='bbox 567 1962 656 2022; x_wconf 90' lang='lat' dir='ltr'><strong>ouius</strong></span> <span class='ocrx_word' id='word_1_111' title='bbox 670 1968 703 2022; x_wconf 89' lang='lat' dir='ltr'><strong>et</strong></span> <span class='ocrx_word' id='word_1_112' title='bbox 716 1968 753 2021; x_wconf 91' lang='lat' dir='ltr'><strong>tu</strong></span> <span class='ocrx_word' id='word_1_113' title='bbox 767 1961 892 2039; x_wconf 91' lang='lat' dir='ltr'><strong>quaeris</strong></span> <span class='ocrx_word' id='word_1_114' title='bbox 907 1967 939 2021; x_wconf 91' lang='lat' dir='ltr'><strong>et</strong></span> <span class='ocrx_word' id='word_1_115' title='bbox 953 1980 1002 2020; x_wconf 90' lang='lat' dir='ltr'><strong>res</strong></span> <span class='ocrx_word' id='word_1_116' title='bbox 1018 1961 1117 2037; x_wconf 87' lang='lat' dir='ltr'><strong>exigit</strong></span> 
     </span>
    </p>

    <p class='ocr_par' dir='ltr' id='par_1_9' title="bbox 76 2067 1117 2356">
     <span class='ocr_line' id='line_1_16' title="bbox 76 2067 1117 2146; baseline 0 -19"><span class='ocrx_word' id='word_1_117' title='bbox 76 2101 94 2146; x_wconf 83' lang='lat'>4</span> <span class='ocrx_word' id='word_1_118' title='bbox 113 2087 210 2146; x_wconf 92' lang='lat' dir='ltr'><strong>prope</strong></span> <span class='ocrx_word' id='word_1_119' title='bbox 225 2068 389 2128; x_wconf 90' lang='lat' dir='ltr'><strong>neminem.</strong></span> <span class='ocrx_word' id='word_1_120' title='bbox 434 2069 514 2128; x_wconf 85' lang='lat' dir='ltr'><strong>Sunt</strong></span> <span class='ocrx_word' id='word_1_121' title='bbox 528 2068 613 2128; x_wconf 91' lang='lat' dir='ltr'><strong>enirn</strong></span> <span class='ocrx_word' id='word_1_122' title='bbox 627 2087 734 2127; x_wconf 90' lang='lat' dir='ltr'><strong>omnes</strong></span> <span class='ocrx_word' id='word_1_123' title='bbox 748 2067 847 2143; x_wconf 91' lang='lat' dir='ltr'><strong>togati</strong></span> <span class='ocrx_word' id='word_1_124' title='bbox 862 2073 894 2127; x_wconf 90' lang='lat' dir='ltr'><strong>et</strong></span> <span class='ocrx_word' id='word_1_125' title='bbox 908 2067 1035 2126; x_wconf 91' lang='lat' dir='ltr'><strong>urbani:</strong></span> <span class='ocrx_word' id='word_1_126' title='bbox 1053 2087 1117 2127; x_wconf 92' lang='lat' dir='ltr'><strong>rus·</strong></span> 
     </span>
     <span class='ocr_line' id='line_1_17' title="bbox 113 2172 1116 2250; baseline -0.003 -17"><span class='ocrx_word' id='word_1_127' title='bbox 113 2174 248 2233; x_wconf 90' lang='lat' dir='ltr'><strong>tieorum</strong></span> <span class='ocrx_word' id='word_1_128' title='bbox 268 2179 373 2233; x_wconf 89' lang='lat' dir='ltr'><strong>autem</strong></span> <span class='ocrx_word' id='word_1_129' title='bbox 403 2173 600 2250; x_wconf 88' lang='lat' dir='ltr'><strong>praediorum</strong></span> <span class='ocrx_word' id='word_1_130' title='bbox 627 2172 861 2233; x_wconf 87' lang='lat' dir='ltr'><strong>administratio</strong></span> <span class='ocrx_word' id='word_1_131' title='bbox 881 2172 983 2250; x_wconf 88' lang='lat' dir='ltr'><strong>posoit</strong></span> <span class='ocrx_word' id='word_1_132' title='bbox 1003 2172 1116 2230; x_wconf 91' lang='lat' dir='ltr'><strong>durum</strong></span> 
     </span>
     <span class='ocr_line' id='line_1_18' title="bbox 114 2277 1117 2356; baseline -0.002 -18"><span class='ocrx_word' id='word_1_133' title='bbox 114 2278 251 2356; x_wconf 83' lang='lat' dir='ltr'><strong>aliquem</strong></span> <span class='ocrx_word' id='word_1_134' title='bbox 273 2285 305 2338; x_wconf 92' lang='lat' dir='ltr'><strong>et</strong></span> <span class='ocrx_word' id='word_1_135' title='bbox 325 2284 489 2355; x_wconf 87' lang='lat' dir='ltr'><strong>agrestem,</strong></span> <span class='ocrx_word' id='word_1_136' title='bbox 507 2279 557 2338; x_wconf 90' lang='lat' dir='ltr'><strong>oui</strong></span> <span class='ocrx_word' id='word_1_137' title='bbox 577 2297 635 2338; x_wconf 89' lang='lat' dir='ltr'><strong>nee</strong></span> <span class='ocrx_word' id='word_1_138' title='bbox 656 2278 744 2338; x_wconf 90' lang='lat' dir='ltr'><strong>labor</strong></span> <span class='ocrx_word' id='word_1_139' title='bbox 764 2278 818 2338; x_wconf 90' lang='lat' dir='ltr'><strong>ille</strong></span> <span class='ocrx_word' id='word_1_140' title='bbox 840 2277 945 2353; x_wconf 86' lang='lat' dir='ltr'><strong>gravis</strong></span> <span class='ocrx_word' id='word_1_141' title='bbox 966 2296 1022 2336; x_wconf 90' lang='lat' dir='ltr'><strong>neo</strong></span> <span class='ocrx_word' id='word_1_142' title='bbox 1043 2295 1117 2336; x_wconf 87' lang='lat' dir='ltr'><strong>eura</strong></span> 
     </span>
    </p>

    <p class='ocr_par' dir='ltr' id='par_1_10' title="bbox 77 2381 1165 2761">
     <span class='ocr_line' id='line_1_19' title="bbox 77 2381 1165 2450; baseline 0.001 -6"><span class='ocrx_word' id='word_1_143' title='bbox 77 2404 94 2450; x_wconf 78' lang='lat' dir='ltr'><strong>s</strong></span> <span class='ocrx_word' id='word_1_144' title='bbox 114 2383 241 2444; x_wconf 89' lang='lat' dir='ltr'><strong>sordida</strong></span> <span class='ocrx_word' id='word_1_145' title='bbox 254 2402 311 2444; x_wconf 90' lang='lat' dir='ltr'><strong>nee</strong></span> <span class='ocrx_word' id='word_1_146' title='bbox 325 2383 427 2444; x_wconf 88' lang='lat' dir='ltr'><strong>tristis</strong></span> <span class='ocrx_word' id='word_1_147' title='bbox 439 2384 574 2444; x_wconf 88' lang='lat' dir='ltr'><strong>solitudo</strong></span> <span class='ocrx_word' id='word_1_148' title='bbox 591 2381 751 2444; x_wconf 58' lang='lat' dir='ltr'><strong>videatur(</strong></span> <span class='ocrx_word' id='word_1_149' title='bbox 788 2384 836 2442; x_wconf 83' lang='lat' dir='ltr'><strong>Tu</strong></span> <span class='ocrx_word' id='word_1_150' title='bbox 851 2382 889 2442; x_wconf 90' lang='lat' dir='ltr'><strong>de</strong></span> <span class='ocrx_word' id='word_1_151' title='bbox 904 2383 990 2442; x_wconf 83' lang='lat' dir='ltr'><strong>Rufo</strong></span> <span class='ocrx_word' id='word_1_152' title='bbox 1008 2383 1117 2442; x_wconf 91' lang='lat' dir='ltr'><strong>hones·</strong></span> <span class='ocrx_word' id='word_1_153' title='bbox 1137 2400 1165 2445; x_wconf 82' lang='lat'><strong>15</strong></span> 
     </span>
     <span class='ocr_line' id='line_1_20' title="bbox 114 2487 1117 2564; baseline -0.003 -16"><span class='ocrx_word' id='word_1_154' title='bbox 114 2489 236 2549; x_wconf 88' lang='lat' dir='ltr'><strong>tissime</strong></span> <span class='ocrx_word' id='word_1_155' title='bbox 264 2489 400 2564; x_wconf 81' lang='lat' dir='ltr'><strong>cogitas:</strong></span> <span class='ocrx_word' id='word_1_156' title='bbox 437 2489 501 2549; x_wconf 86' lang='lat' dir='ltr'><strong>fuit</strong></span> <span class='ocrx_word' id='word_1_157' title='bbox 527 2489 612 2548; x_wconf 90' lang='lat' dir='ltr'><strong>enim</strong></span> <span class='ocrx_word' id='word_1_158' title='bbox 640 2489 706 2548; x_wconf 92' lang='lat' dir='ltr'><strong>filio</strong></span> <span class='ocrx_word' id='word_1_159' title='bbox 733 2494 788 2548; x_wconf 91' lang='lat' dir='ltr'><strong>tuo</strong></span> <span class='ocrx_word' id='word_1_160' title='bbox 812 2487 989 2548; x_wconf 82' lang='lat' dir='ltr'><strong>familiaris</strong></span> <span class='ocrx_word' id='word_1_161' title='bbox 1034 2487 1117 2558; x_wconf 79' lang='lat' dir='ltr'><strong>Quid</strong></span> 
     </span>
     <span class='ocr_line' id='line_1_21' title="bbox 114 2592 1118 2673; baseline -0.003 -20"><span class='ocrx_word' id='word_1_162' title='bbox 114 2599 220 2654; x_wconf 87' lang='lat' dir='ltr'><strong>tamen</strong></span> <span class='ocrx_word' id='word_1_163' title='bbox 234 2594 324 2655; x_wconf 89' lang='lat' dir='ltr'><strong>nobis</strong></span> <span class='ocrx_word' id='word_1_164' title='bbox 343 2594 395 2654; x_wconf 93' lang='lat' dir='ltr'><strong>ibi.</strong></span> <span class='ocrx_word' id='word_1_165' title='bbox 409 2600 567 2672; x_wconf 90' lang='lat' dir='ltr'><strong>praestare</strong></span> <span class='ocrx_word' id='word_1_166' title='bbox 588 2593 689 2673; x_wconf 87' lang='lat' dir='ltr'><strong>possit</strong></span> <span class='ocrx_word' id='word_1_167' title='bbox 710 2593 827 2670; x_wconf 89' lang='lat' dir='ltr'><strong>ignoro,</strong></span> <span class='ocrx_word' id='word_1_168' title='bbox 843 2592 925 2652; x_wconf 90' lang='lat' dir='ltr'><strong>velle</strong></span> <span class='ocrx_word' id='word_1_169' title='bbox 944 2592 1118 2670; x_wconf 89' lang='lat' dir='ltr'><strong>plurimum</strong></span> 
     </span>
     <span class='ocr_line' id='line_1_22' title="bbox 114 2699 346 2761; baseline 0.004 -3"><span class='ocrx_word' id='word_1_170' title='bbox 114 2700 215 2759; x_wconf 87' lang='lat' dir='ltr'><strong>erede.</strong></span> <span class='ocrx_word' id='word_1_171' title='bbox 258 2699 346 2761; x_wconf 87' lang='lat' dir='ltr'><strong>Vale.</strong></span> 
     </span>
    </p>
   </div>
   <div class='ocr_carea' id='block_1_6' title="bbox 482 2822 751 2903">
    <p class='ocr_par' dir='ltr' id='par_1_11' title="bbox 482 2822 751 2903">
     <span class='ocr_line' id='line_1_23' title="bbox 482 2822 751 2903; baseline -0.026 -15"><span class='ocrx_word' id='word_1_172' title='bbox 482 2826 534 2888; x_wconf 79' lang='lat' dir='ltr'><strong>ra.</strong></span> <span class='ocrx_word' id='word_1_173' title='bbox 563 2822 751 2903; x_wconf 78' lang='lat' dir='ltr'><strong>(xxxin)</strong></span> 
     </span>
    </p>
   </div>
   <div class='ocr_carea' id='block_1_7' title="bbox 361 2980 876 3037">
    <p class='ocr_par' dir='ltr' id='par_1_12' title="bbox 361 2980 876 3037">
     <span class='ocr_line' id='line_1_24' title="bbox 361 2980 876 3037; baseline -0.006 -2"><span class='ocrx_word' id='word_1_174' title='bbox 361 2984 392 3037; x_wconf 82' lang='lat' dir='ltr'><strong>C.</strong></span> <span class='ocrx_word' id='word_1_175' title='bbox 414 2983 558 3035; x_wconf 90' lang='lat' dir='ltr'>PLINIUS</span> <span class='ocrx_word' id='word_1_176' title='bbox 581 2981 736 3033; x_wconf 85' lang='lat' dir='ltr'><strong>ROMANO</strong></span> <span class='ocrx_word' id='word_1_177' title='bbox 759 2980 827 3032; x_wconf 88' lang='lat' dir='ltr'><strong>SUO</strong></span> <span class='ocrx_word' id='word_1_178' title='bbox 850 2981 876 3033; x_wconf 86' lang='lat' dir='ltr'><strong>S.</strong></span> 
     </span>
    </p>
   </div>
   <div class='ocr_carea' id='block_1_8' title="bbox 264 3129 1051 3190">
    <p class='ocr_par' dir='ltr' id='par_1_13' title="bbox 264 3129 1051 3190">
     <span class='ocr_line' id='line_1_25' title="bbox 264 3129 1051 3190; baseline -0.011 -3"><span class='ocrx_word' id='word_1_179' title='bbox 264 3135 291 3186; x_wconf 81' lang='lat' dir='ltr'><strong><em>A</em></strong></span> <span class='ocrx_word' id='word_1_180' title='bbox 302 3134 432 3187; x_wconf 78' lang='lat' dir='ltr'><strong>oontooted</strong></span> <span class='ocrx_word' id='word_1_181' title='bbox 443 3133 499 3183; x_wconf 79' lang='lat' dir='ltr'><strong>will</strong></span> <span class='ocrx_word' id='word_1_182' title='bbox 510 3145 569 3182; x_wconf 82' lang='lat' dir='ltr'><strong>cose</strong></span> <span class='ocrx_word' id='word_1_183' title='bbox 582 3132 611 3180; x_wconf 80' lang='lat' dir='ltr'><strong>ia</strong></span> <span class='ocrx_word' id='word_1_184' title='bbox 623 3131 665 3181; x_wconf 80' lang='lat' dir='ltr'><strong>the</strong></span> <span class='ocrx_word' id='word_1_185' title='bbox 681 3129 865 3181; x_wconf 74' lang='lat' dir='ltr'><strong>Castrimoirol</strong></span> <span class='ocrx_word' id='word_1_186' title='bbox 882 3129 971 3180; x_wconf 81' lang='lat' dir='ltr'><strong>Court.</strong></span> <span class='ocrx_word' id='word_1_187' title='bbox 1048 3186 1051 3190; x_wconf 14' lang='grc' dir='ltr'><strong>Α</strong></span> 
     </span>
    </p>
   </div>
   <div class='ocr_carea' id='block_1_9' title="bbox 80 3272 1202 3683">
    <p class='ocr_par' dir='ltr' id='par_1_14' title="bbox 80 3272 1202 3683">
     <span class='ocr_line' id='line_1_26' title="bbox 80 3272 1069 3355; baseline -0.013 -10"><span class='ocrx_word' id='word_1_188' title='bbox 80 3301 93 3345; x_wconf 90' lang='lat'>1</span> <span class='ocrx_word' id='word_1_189' title='bbox 157 3280 290 3342; x_wconf 84' lang='lat' dir='ltr'><strong>‘Tollite</strong></span> <span class='ocrx_word' id='word_1_190' title='bbox 305 3279 435 3340; x_wconf 88' lang='lat' dir='ltr'><strong>ouneta&#39;</strong></span> <span class='ocrx_word' id='word_1_191' title='bbox 450 3276 555 3355; x_wconf 89' lang='lat' dir='ltr'><strong>inquit</strong></span> <span class='ocrx_word' id='word_1_192' title='bbox 571 3281 578 3312; x_wconf 89' lang='lat'><em>‘</em></span> <span class='ocrx_word' id='word_1_193' title='bbox 587 3280 775 3352; x_wconf 88' lang='lat' dir='ltr'><strong>ooeptosqne</strong></span> <span class='ocrx_word' id='word_1_194' title='bbox 790 3274 913 3334; x_wconf 86' lang='lat' dir='ltr'><strong>auferte</strong></span> <span class='ocrx_word' id='word_1_195' title='bbox 928 3272 1069 3333; x_wconf 67' lang='lat' dir='ltr'><strong>labores!</strong></span> 
     </span>
     <span class='ocr_line' id='line_1_27' title="bbox 116 3377 1167 3468; baseline -0.009 -19"><span class='ocrx_word' id='word_1_196' title='bbox 116 3389 179 3449; x_wconf 84' lang='lat' dir='ltr'><strong>Seu</strong></span> <span class='ocrx_word' id='word_1_197' title='bbox 194 3386 304 3448; x_wconf 89' lang='lat' dir='ltr'><strong>soribis</strong></span> <span class='ocrx_word' id='word_1_198' title='bbox 319 3384 440 3463; x_wconf 90' lang='lat' dir='ltr'><strong>aliquid</strong></span> <span class='ocrx_word' id='word_1_199' title='bbox 455 3402 510 3444; x_wconf 93' lang='lat' dir='ltr'><strong>seu</strong></span> <span class='ocrx_word' id='word_1_200' title='bbox 531 3382 619 3458; x_wconf 91' lang='lat' dir='ltr'><strong>legis,</strong></span> <span class='ocrx_word' id='word_1_201' title='bbox 635 3380 707 3468; x_wconf 88' lang='lat' dir='ltr'><strong>tolli</strong></span> <span class='ocrx_word' id='word_1_202' title='bbox 728 3378 846 3440; x_wconf 88' lang='lat' dir='ltr'><strong>auferri</strong></span> <span class='ocrx_word' id='word_1_203' title='bbox 867 3378 939 3439; x_wconf 90' lang='lat' dir='ltr'><strong>iube</strong></span> <span class='ocrx_word' id='word_1_204' title='bbox 960 3383 993 3437; x_wconf 89' lang='lat' dir='ltr'><strong>et</strong></span> <span class='ocrx_word' id='word_1_205' title='bbox 1014 3377 1118 3455; x_wconf 90' lang='lat' dir='ltr'><strong>aeoipe</strong></span> <span class='ocrx_word' id='word_1_206' title='bbox 1137 3396 1167 3440; x_wconf 83' lang='lat' dir='ltr'><strong>ao</strong></span> 
     </span>
     <span class='ocr_line' id='line_1_28' title="bbox 114 3481 1164 3567; baseline -0.018 -14"><span class='ocrx_word' id='word_1_207' title='bbox 114 3493 289 3554; x_wconf 88' lang='lat' dir='ltr'><strong>orationem</strong></span> <span class='ocrx_word' id='word_1_208' title='bbox 308 3509 419 3567; x_wconf 88' lang='lat' dir='ltr'><strong>meam,</strong></span> <span class='ocrx_word' id='word_1_209' title='bbox 441 3494 477 3550; x_wconf 89' lang='lat' dir='ltr'><strong>ut</strong></span> <span class='ocrx_word' id='word_1_210' title='bbox 497 3488 555 3565; x_wconf 87' lang='lat' dir='ltr'><strong>illa</strong></span> <span class='ocrx_word' id='word_1_211' title='bbox 575 3506 673 3565; x_wconf 88' lang='lat' dir='ltr'><strong>arma,</strong></span> <span class='ocrx_word' id='word_1_212' title='bbox 688 3485 836 3548; x_wconf 78' lang='lat' dir='ltr'><strong>diuinam</strong></span> <span class='ocrx_word' id='word_1_213' title='bbox 850 3484 948 3564; x_wconf 55' lang='lat' dir='ltr'><strong>tumn</strong></span> <span class='ocrx_word' id='word_1_214' title='bbox 962 3481 1139 3556; x_wconf 55' lang='lat' dir='ltr'><strong>supersues</strong></span> <span class='ocrx_word' id='word_1_215' title='bbox 1162 3503 1164 3506; x_wconf 54' lang='lat'>&gt;</span> 
     </span>
     <span class='ocr_line' id='line_1_29' title="bbox 98 3574 1202 3683; baseline -0.026 -29"><span class='ocrx_word' id='word_1_216' title='bbox 98 3596 195 3672; x_wconf 81' lang='lat' dir='ltr'><strong>potui</strong></span> <span class='ocrx_word' id='word_1_217' title='bbox 203 3598 242 3676; x_wconf 83' lang='lat'><strong>?),</strong></span> <span class='ocrx_word' id='word_1_218' title='bbox 254 3615 291 3657; x_wconf 89' lang='lat' dir='ltr'><strong>re</strong></span> <span class='ocrx_word' id='word_1_219' title='bbox 306 3615 390 3675; x_wconf 76' lang='lat' dir='ltr'><strong>vera,</strong></span> <span class='ocrx_word' id='word_1_220' title='bbox 406 3605 444 3661; x_wconf 90' lang='lat' dir='ltr'><strong>nt</strong></span> <span class='ocrx_word' id='word_1_221' title='bbox 457 3597 546 3663; x_wconf 83' lang='lat' dir='ltr'><strong>inter</strong></span> <span class='ocrx_word' id='word_1_222' title='bbox 562 3619 668 3679; x_wconf 90' lang='lat' dir='ltr'><strong>meas,</strong></span> <span class='ocrx_word' id='word_1_223' title='bbox 676 3596 880 3681; x_wconf 70' lang='lat' dir='ltr'><strong>polentam,</strong></span> <span class='ocrx_word' id='word_1_224' title='bbox 894 3574 1176 3650; x_wconf 57' lang='lat' dir='ltr'><strong>namniln&#39;xssms</strong></span> <span class='ocrx_word' id='word_1_225' title='bbox 1197 3675 1202 3683; x_wconf 28' lang='grc' dir='ltr'>Ι</span> 
     </span>
    </p>
   </div>
   <div class='ocr_carea' id='block_1_10' title="bbox 0 0 1260 3870">
    <p class='ocr_par' dir='ltr' id='par_1_15' title="bbox 0 0 1260 3870">
     <span class='ocr_line' id='line_1_30' title="bbox 0 0 1260 3870; baseline 0 2"><span class='ocrx_word' id='word_1_226' title='bbox 0 0 1260 3870; x_wconf 95' lang='lat' dir='ltr'><strong> </strong></span> 
     </span>
    </p>
   </div>
  </div>
 </body>
</html>
