2512 3870
138 165 180 229 38
566 176 595 226 c.
616 177 727 226 111111·

136 349 205 422 erit,
231 366 270 407 ne
295 347 474 425 praecipere
496 347 649 406 videatur.
692 349 832 409 Peractis
861 356 983 427 septem
1011 352 1176 416 milibusr

136 472 285 530 passuum
313 453 427 512 iterum
455 453 595 511 ambulat
623 453 718 528 rnille,
744 453 858 513 iterum
886 446 999 515 resi'dit
1028 457 1079 517 vel
1109 477 1143 518 se

136 558 278 617 cubiculo
292 577 327 617 ao
343 557 416 617 stilo
431 558 543 616 reddit.
579 557 693 617 Scribit
708 558 801 634 enirn,
816 565 848 618 11
863 560 990 636 quidem
1005 568 1142 640 utraque

135 663 251 738 lingua,
274 663 373 740 lyrica
395 662 592 722 doctissima:
621 663 701 722 mira
721 663 787 723 illis
809 664 948 741 dulced0,
970 667 1052 727 mira
1073 687 1142 728 sua·

100 769 226 842 avitas,
254 768 334 827 mira
361 767 516 842 hilaritas,
546 767 634 826 cuius
663 769 795 841 gratiam
823 770 963 831 cumulat
985 773 1140 834 sanctitas

135 874 309 933 scribentis
354 873 418 933 Ubi
443 872 520 931 hora
547 873 663 932 balinei
691 874 836 957 nuntiata
863 880 912 935 est
941 874 1005 954 (est
1032 856 1175 944 autema

133 978 236 1037 hicme
257 996 348 1050 nona,
367 982 486 1036 aestate
508 980 642 1058 octava),
658 977 691 1036 iu
712 978 786 1054 sole,
802 978 828 1038 si
850 985 935 1040 caret
956 986 1061 1056 vento,
1077 1001 1140 1041 am-

133 1083 221 1142 bulat
242 1083 353 1143 nudus.
397 1082 518 1140 Deinde
540 1072 682 1140 movetur
703 1083 769 1160 pila
789 1084 990 1144 vehementer
1011 1091 1044 1146 et
1065 1087 1137 1147 diu:

133 1189 278 1247 namhoc
294 1206 416 1264 quoque
431 1186 663 1247 exercitationis
685 1206 797 1264 genere
814 1195 934 1266 pugnat
948 1209 1019 1261 cum
1035 1210 1140 1251 senec-

85 1310 113 1354 10
133 1299 208 1352 tute.
252 1295 349 1351 Lotus
369 1292 498 1350 accubat
512 1296 544 1350 et
559 1292 724 1369 paulisper
737 1293 840 1352 cibum
862 1295 986 1355 differt:
1008 1296 1139 1357 interim

133 1399 222 1458 audit
243 1398 396 1474 legentem
419 1396 580 1455 remissius
605 1397 726 1473 aliquid
753 1403 785 1457 et
813 1398 944 1459 dulcius.
987 1402 1050 1461 Per
1078 1403 1139 1463 hoc
1166 1418 1187 1431 ‘

133 1522 222 1562 omne
250 1508 375 1579 tempus
404 1502 535 1561 liberum
558 1507 606 1560 est
627 1502 736 1561 amicis
757 1503 807 1562 vel
829 1505 938 1563 eadem
959 1506 1063 1566 facere
1085 1508 1139 1567 vel
1149 1560 1167 1587 l

132 1610 203 1684 alia,
219 1609 246 1669 si
262 1608 381 1667 malint.
424 1607 604 1684 Adponitur
619 1625 695 1667 cena
709 1627 770 1666 nou
792 1610 895 1668 minus
916 1611 1020 1671 nitida
1041 1633 1139 1691 quam
1160 1626 1176 1672 9

132 1715 216 1790 frugi
232 1715 264 1772 in
279 1717 407 1788 argento
418 1731 496 1789 puro
511 1718 542 1770 et
556 1712 700 1789 antiquo:
718 1714 835 1772 suntin
846 1735 906 1774 usu
917 1721 949 1774 et
960 1717 1138 1795 Corinthia,

84 1820 244 1898 aquibus
274 1818 448 1878 delectatur
475 1835 532 1875 nec
561 1816 714 1876 adficitur.
740 1820 957 1896 Frequenter
978 1825 1140 1885 comoedis

131 1944 208 1984 cena
235 1923 449 1998 distinguitur,
474 1927 510 1980 ut
534 1921 712 1999 voluptates
738 1943 859 2000 quoque
888 1927 1003 1987 studiis
1031 1930 1145 1989 condi.
1177 1914 1181 1923 ¹

131 2037 232 2090 antur.
277 2028 379 2088 Sumit
400 2027 521 2104 aliquid
542 2027 579 2086 de
601 2033 691 2086 nocte
712 2034 744 2086 et
765 2009 899 2089 aestate:
931 2032 1050 2091 nemini
1076 2034 1139 2095 hoc

131 2137 259 2213 longum
287 2140 351 2209 est;
381 2138 470 2192 tauta
497 2132 644 2191 comitate
665 2134 843 2192 convivium
864 2136 1010 2196 trahitur.
1054 2140 1139 2201 Inde
1161 2155 1189 2201 10

58 2275 60 2279 >
131 2242 179 2300 illi
207 2246 279 2318 post
307 2239 474 2316 septimum
503 2243 534 2296 et
563 2239 826 2315 septuagesimum
858 2259 975 2301 annum
1009 2222 1140 2307 aurium

81 2362 111 2405 20
131 2352 289 2411 oculorum
317 2351 406 2427 rigor
434 2352 563 2428 integer,
586 2352 659 2410 inde
688 2352 768 2427 agile
796 2359 828 2412 et
815 2353 992 2413 tvividum
1021 2372 1140 2434 corpus

131 2457 257 2534 solaque
273 2463 485 2515 11111111111111
501 2458 811 2533 1111111111111111111
830 2477 887 2534 ego
901 2460 999 2519 vitam
1014 2467 1090 2521 voto
1105 2469 1141 2523 et
1161 2476 1187 2523 11

130 2565 221 2638 cogit
215 2565 318 2630 atione
333 2582 506 2640 praesumo
522 2563 718 2638 ingressurus
740 2563 929 2640 avidissime,
944 2571 981 2624 ut
995 2560 1182 2661 primum

130 2669 210 2728 ratio
235 2669 348 2729 aetatis
370 2668 506 2745 1111111111
531 2687 554 2726 1
557 2687 681 2726 1111111
661 2669 846 2745 permiserit.
890 2656 1024 2729 Interim
1046 2672 1140 2735 mille
1219 2716 1224 2727 ·

130 2774 287 2834 laboribus
300 2779 450 2849 conteror,
463 2792 593 2851 quorum
609 2773 687 2831 rnilri
703 2779 734 2832 et
749 2773 899 2833 solacium
910 2781 942 2834 et
953 2776 1138 2854 exemplum

80 2890 109 2935 25
130 2886 178 2939 est
200 2880 283 2939 idem
306 2879 480 2957 Spurinna:
510 2878 1140 2957 111111111111111111111111111111011111111111
1220 2876 1224 2889 ⁴

111 2985 202 3063 uiuit,
226 2986 305 3045 obiit
333 2983 441 3058 officia,
470 2985 567 3059 gessit
594 2984 805 3060 magistratus,
835 2985 1013 3069 provincias
1040 2988 1139 3065 rexit,
1182 2998 1224 3038 *2-

129 3091 290 3168 multoque
305 3090 409 3149 labore
424 3090 482 3149 hoo
498 3089 596 3148 otium
610 3089 733 3149 meruit.
777 3090 880 3167 Igitur
898 3072 1031 3151 eun'dem
1054 3092 1188 3155 11111111

130 3214 263 3270 cursum,
279 3196 411 3254 eundem
427 3195 595 3255 terminum
617 3201 729 3269 statuo,
745 3195 839 3274 idque
861 3195 924 3255 iam
945 3215 1027 3254 nunc
1050 3200 1142 3275 apud

130 3305 161 3358 te
183 3301 399 3377 subsignant,
416 3302 442 3361 si
463 3320 512 3360 me
534 3301 657 3377 lougius
679 3301 767 3359 evehi
784 3301 911 3375 videris,
927 3300 1025 3361 iuius
1040 3321 1161 3369 voces.

80 3413 110 3461 30
130 3406 170 3465 ad
184 3406 264 3466 hano
282 3406 450 3484 epistulam
472 3413 627 3467 meamet
649 3406 808 3485 quiescere
830 3406 947 3481 iubeas,
962 3424 1031 3465 cum
1055 3408 1141 3471 11111·-
1218 3463 1222 3469 .

64 3542 67 3547 ·
117 3509 184 3595 ¹tiae
198 3510 319 3571 crimen
335 3511 484 3591 effugero
528 3512 617 3577 Vale.
