2512 3870
172 149 213 212 34
597 162 625 212 c.
647 161 746 211 rnrur

170 314 253 392 nunc
267 333 415 393 continua
433 354 515 393 nunc
533 334 711 393 intermissa
725 339 808 392 tecta
821 332 977 408 villarum,
994 351 1073 410 quae
1088 351 1176 410 prae

171 444 256 498 stant
272 438 441 498 multarum
455 439 579 498 urbium
595 439 717 513 faciem,
734 438 799 497 sive
814 437 893 497 inari
909 438 974 497 sive
997 438 1065 514 ipso
1079 437 1174 496 litore

169 549 274 619 utare3
307 545 390 622 quod
413 564 476 602 non
500 564 670 621 numquam
699 544 792 619 longa
819 543 1034 620 tranquillitas
1058 541 1172 617 mollit,

170 649 294 726 saepius
322 650 470 727 frequens
499 655 531 708 et
559 649 733 709 contrarius
756 649 869 708 fluctus
894 648 1029 707 indurat.
1082 648 1173 706 Mare
1193 660 1220 706 28

134 764 231 813 onon
259 773 333 813 sane
361 755 508 832 pretiosis
536 754 675 832 piscibus
704 755 850 828 abundat,
880 754 979 814 soleas
1007 758 1113 813 tamen
1141 759 1174 812 et

169 860 301 937 squillas
323 860 458 937 optimas
480 861 586 935 egerit.
630 859 716 919 Villa
737 879 810 919 vero
830 866 938 919 nostra
958 859 1053 918 etiam
1076 859 1173 917 medi-

169 970 327 1024 terraneas
355 965 460 1042 copias
488 971 638 1042 praestat,
661 965 708 1024 lac
737 965 770 1023 in
798 965 925 1042 primis:
962 983 1034 1022 narn
1055 963 1172 1023 illuce

168 1070 291 1146 pascuis
313 1089 425 1147 pecora
445 1070 644 1145 conveniunt,
660 1071 687 1130 si
709 1071 833 1148 quando
855 1089 967 1146 aquarn
989 1070 1171 1128 umbramve

168 1180 334 1234 sectantur.
378 1176 516 1235 Iustisne
538 1177 576 1234 de
598 1175 699 1236 causis
725 1176 788 1234 iam
812 1175 872 1234 tibi
897 1175 1003 1233 videor
1024 1174 1170 1248 incolere,
1191 1189 1219 1235 29

119 1291 147 1336 10
167 1279 353 1355 inhabitare,
369 1281 498 1356 diligere
521 1300 685 1355 secessum,
701 1300 793 1357 quem
814 1286 849 1339 tu
868 1280 962 1339 nimis
982 1280 1119 1339 urbanus
1137 1298 1171 1340 es

167 1385 229 1444 nisi
257 1385 475 1462 concupiscis?
531 1386 636 1464 Atque
664 1386 784 1445 utinam
813 1386 1030 1462 concupiscas!
1066 1391 1102 1444 ut
1123 1390 1172 1444 tot

167 1492 326 1569 tantisque
347 1492 471 1552 dotibus
495 1492 623 1551 villulae
636 1499 760 1551 nostrae
782 1491 920 1551 maxima
941 1490 1172 1551 commendatio

167 1615 205 1655 ex
226 1601 281 1656 tuo
301 1597 502 1657 contubernio
523 1598 658 1657 accedat.
701 1597 788 1659 Vale,

329 1886 338 1965 ί
348 1726 594 1995 <&28
548 1814 783 1895 28.(X.VIH

151 1976 191 2113 {s
209 1972 271 2051 34
251 1938 313 2039 l,
403 1965 432 2014 o.
459 1962 603 2013 ruimus
626 1962 794 2012 Macareo
818 1963 886 2013 suo
910 1964 935 2014 s

77 2072 221 2213 'Uim
177 2062 211 2115 ’³'
210 2097 346 2151 :Select'
325 2103 381 2146 tion
395 2099 426 2159 os
434 2103 472 2146 at
462 2097 567 2147 teucber
573 2098 643 2160 sort
633 2098 675 2147 tbc
688 2111 751 2147 sons
763 2098 795 2159 os
803 2096 941 2146 Arulenus
953 2098 1090 2148 Rusticus.

53 2200 75 2231 „
205 2229 288 2299 Quid
303 2248 321 2287 a
336 2234 366 2288 te
381 2228 460 2287 mihi
477 2228 642 2288 iucundius
660 2229 763 2306 potuit
780 2228 910 2304 iniungi,
927 2249 1020 2307 quam
1034 2234 1070 2289 ut
1085 2249 1173 2308 prae-
1193 2239 1205 2285 1

117 2340 145 2386 15
166 2341 322 2412 captorem
342 2334 450 2393 fratris
469 2334 518 2392 tui
539 2333 647 2393 liberis
667 2337 873 2411 quaererem?
915 2335 998 2406 Nam
1018 2327 1190 2397 beneficio·

166 2446 220 2499 tuo
234 2440 268 2499 in
283 2434 421 2498 scholam
437 2439 528 2497 redeo
543 2445 575 2497 et
590 2438 678 2498 illam
693 2439 907 2498 dulcissimam
923 2446 1060 2500 aetatem
1078 2442 1173 2519 quasi

166 2563 305 2604 resumo:
337 2545 428 2603 sedeo
452 2544 534 2602 inter
559 2544 696 2618 iuvenes
722 2550 758 2603 ut
782 2545 927 2619 solebam,
954 2551 1048 2622 atque
1073 2546 1171 2607 etiam

166 2651 308 2728 experior
329 2655 480 2727 quantum
504 2649 587 2726 apud
609 2649 680 2708 illos
703 2650 898 2726 auctoritatis
920 2669 958 2709 ex
980 2651 1095 2713 studiis
1118 2653 1174 2714 ha

166 2756 264 2814 beam.
306 2757 388 2815 Nam
409 2754 550 2832 proxime
569 2755 729 2832 frequenti
745 2755 899 2815 auditorio
913 2755 996 2814 inter
1013 2775 1046 2816 se
1065 2776 1173 2819 coram
1191 2768 1204 2813 2

116 2866 146 2910 20
167 2861 274 2920 multis
290 2860 408 2919 ordinis
424 2860 523 2919 nostri
537 2859 619 2918 clare
634 2860 854 2937 loquebantur:
878 2860 1004 2936 intravi,
1016 2863 1174 2924 conticue-

166 2973 256 3042 runt;
279 2967 362 3043 quod
380 2985 443 3024 nou
463 2965 620 3039 referrem,
639 2966 700 3025 nisi
720 2967 760 3025 ad
779 2966 901 3025 illorum
924 2967 1024 3043 magis
1043 2967 1174 3029 laudem

166 3092 258 3150 quarn
275 3072 314 3131 ad
329 3091 429 3130 meam
445 3071 624 3148 pertineret,
641 3090 676 3129 ac
690 3071 752 3130 nisi
767 3091 891 3149 sperare
906 3079 938 3132 te
949 3072 1064 3132 vellem
1078 3093 1173 3152 posse
1247 3052 1249 3059 Ι

93 3161 96 3166 ’
165 3177 352 3237 fratristui
379 3176 460 3235 filios
489 3176 584 3253 probe
613 3177 740 3236 discere.
796 3177 885 3247 Quod
918 3183 1070 3255 superest,
1098 3190 1203 3241 cuma

166 3302 272 3342 omnes
294 3282 349 3359 qui
370 3282 557 3359 profitentur
579 3281 714 3356 audiero,
732 3282 808 3359 quid
830 3283 868 3341 de
890 3301 1013 3361 quoque
1034 3284 1173 3347 sentiam

112 3396 145 3440 25
163 3389 299 3448 scribam
324 3387 525 3464 efficiamque,
551 3394 703 3464 quantum
728 3393 843 3452 tamen,
861 3388 997 3465 epistula
1021 3390 1174 3471 consequi

141 3499 269 3569 potero,
290 3500 326 3553 ut
338 3494 410 3573 ipse
427 3513 539 3555 omnes
554 3494 682 3557 audisse
694 3493 842 3553 ridearis.
880 3494 988 3552 liabeo
1001 3494 1084 3553 enim
1101 3496 1173 3575 tibi,
1189 3504 1204 3551 4

128 3595 237 3657 debeo
271 3602 456 3666 memoriae
485 3603 608 3666 fratris
635 3601 690 3663 tui
712 3601 800 3660 bano
825 3596 936 3668 fidem,
950 3596 1018 3652 boc
1042 3596 1200 3665 studxum,
