2512 3870
378 183 640 234 nrrsrunaaum
664 184 741 234 vm,
762 185 804 234 ro.
1026 171 1091 236 109

87 355 184 430 nulla,
197 355 302 415 omnia
316 355 466 430 dimensa,
476 355 564 433 paria
578 362 609 415 et
624 355 713 432 quasi
728 354 857 415 artificis
873 375 967 415 rnanu
982 362 1092 416 cavata

88 467 120 520 et
135 460 247 520 excisa.
291 461 383 522 Color
397 461 520 521 caerulo
535 461 678 535 albidior,
690 461 821 520 viridior
832 466 864 521 et
875 462 1019 539 pressior,
1032 462 1091 522 sul-

88 566 176 644 puris
191 567 267 625 odor
282 584 433 645 saporque
448 566 631 640 medicatus,
643 565 701 640 vis,
714 562 776 643 qua
790 566 892 626 fracta
906 567 1089 627 solidantur.

90 671 233 748 Spatium
248 671 411 746 modicum,
427 671 510 749 quod
524 677 628 731 tamen
644 671 759 731 sentiat
774 678 884 731 ventos
899 678 931 731 11
944 671 1091 732 fluctibus

52 790 68 833 5
89 776 286 872 intumescat.
328 776 455 836 Nulla
448 797 481 834 m
502 777 561 836 hoc
581 777 671 836 navis
690 776 790 856 (sacer
808 777 916 858 enirn),
932 777 1014 836 sed'
1006 792 1126 837 mna-5

89 887 160 942 tant
174 858 304 956 insulae,
316 882 464 941 herbidae
482 900 588 941 omnes
603 882 824 960 harundinet
792 887 824 940 11
837 881 938 955 iunco,
951 901 1092 960 quaeque

90 986 153 1046 alia
167 986 330 1046 fecundior
347 987 463 1064 palus
456 1005 585 1064 ipsaque
605 987 662 1046 illa
683 987 866 1046 extremitas
888 986 973 1046 lacus
991 987 1090 1046 effert

91 1092 154 1152 Sua
168 1092 279 1170 cuique
293 1092 443 1168 figurant
457 1092 584 1152 modus:
608 1092 729 1152 cunctis
744 1111 850 1168 margo
865 1093 1002 1168 derasus,
1018 1092 1093 1168 quia

90 1198 271 1275 frequenter
287 1197 339 1256 vel
360 1197 399 1256 lit
387 1197 447 1257 tori
463 1197 513 1256 vel
536 1197 596 1283 sibi
617 1197 730 1269 inlisae
751 1202 858 1267 terunt
878 1203 983 1257 terunt
984 1215 1090 1275 urque

91 1304 153 1363 Par
178 1303 321 1363 omnibus
347 1302 491 1377 altitudo,
516 1308 573 1380 par
576 1273 747 1378 levitas}
756 1300 872 1380 q'uippe
900 1302 933 1360 111
958 1303 1093 1380 speciem
1114 1318 1141 1363 1⁰

55 1418 70 1464 6
91 1409 214 1468 carinae
228 1408 341 1466 humili
356 1407 459 1467 radice
474 1408 676 1468 descendunt.
719 1408 808 1468 Haec
829 1407 869 1467 ab
889 1408 974 1467 omni
995 1407 1093 1467 latere

91 1514 279 1591 perspicitur
295 1513 464 1591 eademque
484 1531 634 1590 suspensa
653 1513 770 1590 pariter
791 1519 823 1572 11
843 1531 951 1572 mersa.
994 1512 1094 1572 Inter·
1158 1523 1161 1527 ’

91 1620 166 1677 dum
186 1619 310 1678 iunctae
332 1618 557 1696 copulataeque
576 1623 608 1678 11
624 1618 798 1678 continenti
818 1617 937 1678 similes
952 1624 1034 1693 sunt,
1049 1618 1094 1676 in-

92 1724 214 1783 terdurn
236 1723 489 1784 discordantibus
504 1723 607 1783 ventis
629 1723 822 1799 digeruntur,
841 1742 904 1782 non
923 1742 1093 1800 numquam

56 1837 70 1882 t
92 1829 262 1889 destitutae
277 1828 507 1907 tranquillitate
519 1828 660 1904 singulae
669 1828 804 1887 fluitant.
848 1829 947 1905 Saepe
957 1828 1092 1887 minores
1115 1845 1142 1890 15

92 1934 261 1994 maioribus
280 1933 368 1993 velut
388 1934 551 1993 cumbulae
572 1934 723 1993 onerariis
744 1934 979 2007 adhaerescunt,
1001 1951 1093 2011 saepe

92 2035 175 2098 inte'r
195 2057 227 2098 se
246 2039 378 2098 maiores
399 2038 597 2116 minoresque
618 2039 708 2115 quasi
729 2057 853 2098 cursum
874 2044 1093 2115 certamenque

92 2144 277 2219 desumunt,
300 2163 407 2204 rursus
422 2162 528 2204 omnes
543 2144 577 2202 in
591 2145 725 2203 eundem
738 2144 840 2202 locum
858 2143 1016 2221 adpulsae,
1032 2162 1095 2220 qua

93 2254 155 2309 stet
157 2254 249 2308 erunt
263 2253 447 2327 promovent
461 2254 584 2323 terram,
597 2254 628 2308 et
642 2249 734 2308 modo
744 2248 802 2308 hac
817 2249 907 2308 modo
921 2248 978 2308 illa
991 2248 1095 2308 lacurn
1203 2310 1208 2323 ,

93 2354 228 2413 reddunt
248 2355 473 2431 auferuntque3
502 2372 537 2413 ao
558 2359 625 2414 tum
646 2355 779 2428 demum,
803 2372 873 2412 oum
894 2353 1031 2412 medium
1052 2359 1095 2413 11-
1114 2372 1143 2418 no

57 2473 72 2517 8
92 2478 196 2533 nuere,
211 2479 275 2519 non
288 2459 485 2519 contrahunt.
528 2446 660 2520 Constat
674 2478 785 2536 peoora
800 2458 913 2519 herbas
929 2463 1035 2519 secuta
1049 2459 1093 2519 sic

93 2564 127 2623 in
148 2563 267 2625 insulas
289 2564 417 2624 illast
381 2570 417 2624 ut
438 2564 472 2623 in
493 2569 665 2624 extremam
686 2564 787 2642 ripam
808 2564 973 2642 procedere
996 2563 1093 2624 solere

92 2688 150 2729 neo
171 2670 258 2747 prius
280 2670 462 2746 intellegere
483 2670 597 2730 mobile
619 2670 729 2745 solum,
748 2688 840 2748 quam
860 2669 946 2729 litori
964 2670 1094 2747 abrepta

93 2775 184 2852 quasi
204 2775 305 2835 inlata
323 2781 355 2834 et
373 2775 511 2853 inposita
531 2776 756 2835 circumfusum
772 2776 910 2852 undique
928 2774 1030 2834 lacum
1043 2794 1095 2852 pa

92 2885 203 2955 veant3
232 2867 394 2958 mox'quo
418 2879 528 2940 tulerit
551 2886 664 2940 ventus
689 2898 820 2956 egressa,
846 2900 908 2939 non
936 2879 1036 2954 magis
1061 2898 1093 2938 se
1114 2899 1142 2943 25

56 2986 289 3046 adescendisse
318 2986 443 3061 sentire,
468 3005 562 3064 quam
591 2986 746 3047 senserint
774 2986 957 3045 ascendisse.
1004 2985 1094 3044 Idem

92 3091 178 3152 lacus
199 3091 234 3149 in
254 3091 371 3150 flumen
394 3092 538 3167 egeritur,
561 3093 653 3169 quod,
674 3091 729 3151 ubi
754 3110 786 3150 so
815 3090 976 3167 paulisper
996 3089 1093 3148 oculis

92 3196 189 3272 dedit,
206 3215 300 3274 specu
322 3196 473 3272 mergitur
491 3197 616 3274 alteque
633 3195 794 3255 conditum
809 3201 900 3269 meat,
916 3213 951 3254 ao
966 3194 993 3254 si
1008 3194 1093 3271 quid,

42 3315 72 3361 10
92 3307 263 3379 antequam
278 3301 510 3377 subduceretur,
525 3301 654 3379 accepit,
670 3305 775 3361 servat
789 3306 821 3359 et
835 3300 963 3378 profert.
1006 3299 1094 3358 Haeo

92 3407 152 3466 tibi
174 3406 294 3484 scripsi,
309 3407 385 3484 quia
403 3425 459 3466 nec
478 3406 582 3467 minus
597 3406 705 3482 ignota
719 3424 812 3483 quam
827 3404 905 3463 mihi
918 3422 975 3463 nec
989 3403 1095 3461 minus
1115 3419 1146 3461 an

89 3517 180 3587 grata
200 3511 370 3572 credebam.
412 3513 499 3575 Nam
518 3519 551 3577 te
574 3532 715 3596 quoque,
726 3516 767 3574 111
780 3507 1072 3588 1111111111ψῆ
1087 3517 1131 3553 Q

74 3619 209 3674 natirrae
223 3633 319 3694 opera
334 3619 515 3687 delectant.
557 3625 660 3689 Vale.
