2512 3870
254 348 295 422 Ο.
334 347 472 420 PLINI
515 334 717 422 CAECILI
760 343 977 420 SECUNDI

281 526 343 587 Au
367 525 608 588 sumtuum
632 523 956 585 immersorum

316 686 532 763 TRAIANI
574 683 917 761 IMPERATORIS

496 867 558 926 Au
585 866 782 928 Pmruum

394 1077 841 1162 EPISTULARUM

415 1306 418 1311 ’
478 1341 481 1347 =
540 1299 694 1364 LIBER.

538 1511 613 1574 101„
643 1510 698 1590 (Ι.)

287 1671 317 1721 c.
344 1671 491 1721 mimus
514 1670 680 1721 mutuum
705 1670 944 1721 ruruurrom.
1029 1652 1063 1735 [ε

219 1819 458 1882 Concretulctioas
476 1825 501 1869 to
520 1819 562 1869 the
580 1818 713 1882 Emperor
730 1832 801 1881 cpcu
819 1819 861 1868 his
878 1819 1021 1868 accession.

83 1980 95 2023 1
157 1966 226 2025 Tua
249 1964 376 2041 quidem
401 1964 512 2041 pietas,
535 1964 704 2041 imperator
729 1963 934 2039 sanctissime,
957 1970 1121 2042 optaverat

116 2076 260 2147 utquam
275 2069 455 2130 tardissime
471 2070 650 2129 succederes
666 2069 765 2146 patri;
789 2070 844 2129 sed
864 2070 915 2129 dei
937 2070 1121 2131 inmortales

117 2176 350 2236 festinaverunt
370 2175 504 2235 virtutes
526 2180 598 2235 tuas
619 2175 659 2234 eri
681 2175 890 2250 gubernacula
911 2175 956 2234 rei
977 2175 1121 2253 publicae

82 2294 97 2338 2
118 2301 210 2358 quam
227 2299 406 2358 susceperas
428 2281 601 2340 admovere.
645 2282 760 2341 Precor
781 2299 854 2357 ergo
874 2286 911 2340 ut
931 2281 1002 2379 tibi,
1012 2287 1045 2340 et
1065 2300 1121 2359 per

118 2394 163 2477 te,
171 2387 276 2463 generi
297 2386 433 2446 humano
454 2405 604 2463 prospera
624 2386 737 2462 omnia,
757 2386 791 2445 id
812 2392 860 2446 est
881 2382 985 2464 digua
997 2387 1155 2451 sacculos

118 2499 173 2552 tuo
187 2492 378 2567 contingant.
421 2493 548 2551 Fortem
562 2498 594 2552 te
609 2496 642 2551 et
655 2491 796 2568 hilarem,
809 2491 979 2571 imperator
993 2493 1119 2572 optime,

118 2604 150 2659 et
164 2597 313 2677 privatim
327 2603 359 2657 et
373 2597 496 2676 publice
515 2603 598 2676 opto,

531 2806 606 2868 102
632 2803 706 2886 (Π.)

293 2964 323 3016 C.
349 2964 494 3016 PLINIUS
516 2964 683 3015 TRAIANO
707 2965 946 3018 IMPERATORI.

238 3107 349 3158 ΤΙιαηΙιε
360 3107 409 3169 sor
426 3107 467 3157 the
485 3113 565 3169 urant
582 3108 615 3171 cs
628 3109 670 3158 the
687 3107 729 3157 ius
747 3108 828 3158 trium
846 3109 1000 3160 liberorum.

83 3255 96 3299 1
158 3239 352 3317 Exprimere,
368 3238 501 3313 domine,
516 3239 621 3299 verbis
642 3258 706 3299 non
726 3260 852 3318 possum
868 3248 1021 3318 quantum
1042 3241 1122 3302 mihi

118 3345 267 3423 gaudium
290 3343 444 3417 attuleris,
466 3344 550 3420 quod
574 3363 628 3404 me·
645 3344 775 3421 dignum
796 3348 916 3424 putasti
938 3348 1005 3408 iure
1026 3348 1122 3408 trium

118 3451 296 3511 liberorum.
352 3448 502 3519 Quamvis
535 3449 621 3510 enim
647 3450 716 3511 Iuii
741 3451 906 3527 Seruium,
931 3452 1056 3530 cutm&
1074 3451 1149 3504 <xxx
1160 3462 1198 3501 χὴ

111 3556 219 3632 tuique
239 3555 464 3638 amantissimi,
481 3560 637 3641 precibus
658 3561 993 3639 iutuiscris,tameu
1009 3552 1120 3614 eum
1136 3561 1186 3598 stis

614 3667 670 3720 121
