2512 3870
164 153 205 218 72
586 162 615 213 c.
636 162 736 212 111111

165 355 265 397 moras
286 341 340 396 aut
361 353 436 395 cave
450 353 489 393 ne
504 335 627 394 eosdem
643 334 720 394 istos
735 333 867 409 libellos,
883 353 961 410 quos
975 334 1035 393 tibi
1049 335 1162 393 hende-

163 441 315 521 casyllabi
335 440 621 543 uostrissblanditiis
643 439 754 498 elicere
775 459 838 498 non
860 445 1000 516 possunt,
1022 439 1162 499 convicio

163 552 322 608 scazontes
349 551 564 622 extorqueant.
613 545 792 604 Perfectrmr
817 563 894 621 opus
923 545 1161 621 absolutumque
1183 560 1198 605 3

96 651 115 707 )
163 659 219 727 est,
237 671 293 711 nec
315 652 377 710 iam
399 651 589 728 splendescit
610 650 687 709 lima
708 651 763 710 sed
784 650 937 708 atteritur.
981 651 1093 709 Patere
1115 669 1162 709 me

111 728 142 815 ⁸⁶
162 758 268 817 videre
289 757 418 816 titulum
439 762 538 831 tuum,
560 761 667 833 patere
688 755 796 814 audire
818 755 951 815 describi
972 755 1035 831 legi
1056 756 1162 815 venire

161 863 322 923 volumina
342 862 520 939 Tranquilli
539 862 609 920 mei.
653 861 771 920 Aecum
792 865 841 920 est
860 879 916 920 nos
931 861 964 919 iu
979 879 1082 920 amore
1097 866 1162 920 tarn

162 975 270 1028 mutuo
287 969 418 1027 eandem
438 967 597 1046 percipere
618 985 657 1025 ex
678 973 710 1026 te
732 966 936 1044 voluptatem,
959 972 1077 1043 quatu
1098 985 1164 1044 per-

162 1074 277 1134 frueris
292 1073 444 1134 exnobis.
486 1073 573 1134 Vale.

561 1325 614 1386 se.
644 1323 760 1404 (xiv.)

419 1493 449 1545 C.
472 1493 615 1544 PLINIUS
638 1493 769 1543 PONTIO
793 1493 861 1544 SUO
884 1494 910 1544 S.

292 1651 398 1714 Pliny's
410 1652 504 1715 friend
516 1652 571 1701 cnd
581 1652 724 1714 collecpue,
738 1650 874 1702 Cornutus
891 1652 1033 1702 Tertullus.

204 1807 397 1868 Secesseram
421 1806 455 1865 111
478 1806 692 1884 municipium,
714 1826 784 1866 curn
812 1807 891 1865 mihi
912 1807 1093 1866 nuntiatum
1114 1814 1166 1868 est
1187 1818 1201 1863 1

114 1929 143 1975 10
163 1914 334 1974 Cornutum
369 1911 544 1971 Tertullum
580 1912 735 1989 accepisse
763 1912 919 1971 Aemiliae
947 1913 1017 1972 viae
1045 1931 1164 1972 curam.

162 2018 346 2095 Exprimere
367 2036 429 2076 non
451 2036 578 2094 possum
599 2022 716 2093 quanto
737 2017 796 2076 sim
819 2018 933 2093 gaudio
958 2018 1102 2078 adfectus
1131 2023 1167 2077 ct
1187 2029 1201 2074 2

161 2124 261 2201 ipsius
283 2104 315 2182 et
336 2142 404 2182 meo
424 2123 566 2198 nomine3
589 2122 697 2200 ipsius,
720 2124 812 2200 quod,
835 2123 877 2182 sit
898 2124 981 2198 licet,
1002 2123 1084 2183 sieut
1105 2129 1166 2199 est,

162 2229 201 2288 ab
215 2228 300 2288 omni
314 2227 484 2287 ambitione
499 2228 589 2303 longe
608 2232 752 2302 remotus,
769 2228 862 2287 debet
882 2233 986 2287 tamen
1007 2229 1036 2288 ei
1058 2228 1168 2289 iucun-

162 2334 219 2394 dus
240 2333 339 2393 honor
360 2352 426 2393 esse
447 2333 531 2392 ultro
552 2335 660 2409 datus3
683 2351 759 2407 meo,
775 2334 858 2410 quod
879 2334 1041 2410 aliquanto
1062 2334 1166 2410 magis

113 2451 142 2496 1⁶
162 2457 211 2498 me
225 2439 361 2498 delectat
376 2440 557 2499 mandatum
573 2438 652 2496 mihi
667 2437 810 2513 officium,
827 2445 993 2516 postquam
1015 2458 1071 2516 par
1093 2440 1167 2500 Cor-

161 2549 238 2602 nuto
255 2545 362 2603 datum
384 2544 484 2603 video,
527 2545 639 2621 Neque
660 2544 743 2603 enim
764 2544 871 2620 augeri
892 2545 1047 2621 dignitate
1069 2564 1165 2623 quam
1184 2558 1200 2604 3

162 2650 289 2726 aequari
301 2649 390 2709 bonis
400 2649 528 2724 gratius.
572 2650 709 2711 Cornuto
721 2655 824 2709 autem
836 2650 913 2727 quid
927 2649 1064 2709 melius?
1086 2650 1166 2726 quid
1200 2646 1203 2651 ’

162 2755 328 2815 sanctius?
351 2755 427 2831 quid
448 2754 482 2812 in
503 2755 587 2814 omni
608 2773 719 2830 genere
741 2755 844 2815 laudis
859 2757 898 2815 ad
911 2755 1070 2832 exemplar
1085 2756 1164 2815 anti-

162 2860 293 2937 quitatis
308 2861 513 2937 expressius?
536 2862 619 2937 quod
639 2861 718 2920 mihi
733 2862 892 2937 cognitum
914 2868 962 2922 est
983 2880 1046 2920 nou
1067 2862 1163 2938 fama,

112 2973 143 3020 20
162 2985 224 3043 qua
248 2965 365 3043 alioqui
390 2966 509 3043 optima
533 2972 564 3026 et
592 2967 796 3027 meritissima
824 2967 950 3042 fruitur,
976 2968 1032 3027 sed
1059 2967 1163 3044 longis

161 3072 345 3149 magnisque
367 3071 597 3148 experimentis.
641 3074 715 3133 Una
730 3072 899 3149 diligimus,
915 3092 978 3132 una
992 3072 1164 3134 dileximus
1184 3089 1200 3134 4

161 3195 268 3237 omnes
282 3178 349 3236 fere
364 3196 442 3254 quos
457 3184 542 3237 aetas
557 3183 665 3238 nostra
678 3177 712 3236 in
726 3184 857 3256 utroque
872 3197 949 3239 sexu
960 3178 1164 3240 aemulandos

161 3282 253 3358 tulit3
276 3300 356 3359 quae
372 3282 502 3343 societas
518 3282 725 3342 amicitiarum
741 3284 901 3344 artissima
921 3303 977 3344 nos
999 3284 1166 3344 familiari-

161 3392 227 3471 tate
243 3387 414 3447 ooniunxit.
456 3387 600 3448 Accessit
620 3388 780 3448 vinculum
801 3389 1041 3450 necessitudinis
1064 3389 1200 3466 publi-5

92 3501 130 3545 26
146 3508 211 3550 cae.
253 3493 349 3554 Idem
366 3493 452 3554 enim
466 3493 556 3572 mihi,
570 3499 609 3554 ut
623 3493 696 3571 scis,
709 3494 830 3570 collega
842 3494 935 3570 qussi
950 3499 1023 3552 uoto
1042 3495 1166 3570 petitus

69 3632 71 3637 ·
124 3592 164 3651 1⁴11
183 3601 408 3675 praefectura
431 3604 555 3667 aerarii
578 3602 658 3682 luit,
679 3602 748 3662 luit
770 3607 804 3661 et
828 3598 869 3657 ’111
888 3596 1066 3656 consuetu.
1097 3597 1192 3653 'dum
