2512 3870
409 189 673 240 nrisruimruu
695 190 729 239 x,
749 189 792 239 oc.
1035 174 1099 239 125

405 516 406 524 Ν
441 405 515 513 ica
545 450 755 531 (cxxxix.)
773 441 803 504 n

409 619 597 670 TRAIANUS
619 618 743 669 PLINIO
765 619 792 671 S.

473 775 602 840 Trajau‘s
613 791 724 829 nnswcr.

63 949 76 995 1
138 932 283 1009 Agnosco
298 938 371 992 vota
384 938 449 1008 tua,
465 933 508 991 mi
524 933 664 992 Secunde
683 933 852 1008 carissime,
868 931 980 1009 quibus
998 950 1101 1010 preca

97 1039 142 1123 ris
157 1044 192 1098 nt
206 1038 358 1116 plurimos
380 1044 412 1098 et
433 1038 633 1100 felicissImos
655 1039 776 1099 natales
797 1038 927 1098 florente
949 1043 1035 1099 statu
1054 1038 1100 1097 rei

98 1144 241 1223 publicae
256 1150 380 1206 nostrae
395 1163 494 1221 agam.

474 1398 549 1461 ιω.
575 1376 718 1484 dom)
777 1331 779 1335 ’
911 1278 983 1449 s
1032 1430 1034 1435 .

277 1568 307 1618 C.
331 1567 475 1619 PLINIUS
497 1567 663 1618 TRAIANO
687 1568 925 1636 IMPERATORI.
967 1581 971 1584 ·

100 1728 183 1790 Pliny
202 1728 264 1778 asts
278 1728 328 1791 sor
349 1728 524 1778 instructions
542 1727 601 1777 hou
624 1733 650 1777 to
674 1732 743 1777 tract
765 1728 808 1777 the
835 1725 986 1777 Christiana
1008 1728 1039 1776 in
1059 1726 1102 1776 tis

531 1819 666 1880 province.

65 1955 79 2000 1
141 1945 297 2006 Sollemne
311 1950 360 2006 est
374 1944 462 2020 mihi,
477 1945 612 2020 domine,
628 1945 733 2005 omma
747 1945 786 2004 de
802 1930 916 2022 quibus
936 1944 1044 2004 dubito
1061 1944 1102 2004 ad

99 2057 131 2110 te
155 2052 280 2111 referre.
322 2050 398 2121 Quis
423 2050 507 2110 enim
531 2055 637 2128 potest
660 2050 773 2110 melius
798 2049 849 2109 vel
870 2049 1136 2123 cunctationems

100 2175 201 2216 meam
214 2174 321 2232 regere
337 2155 389 2216 vel
410 2155 620 2232 ignorantiam
640 2155 822 2215 instruere?
863 2154 1102 2230 Cognitionibus

101 2262 139 2320 de
163 2261 352 2323 Christianis
375 2261 508 2321 interfui
532 2279 720 2338 numquam:
751 2261 821 2320 ideo
845 2260 950 2320 nescio
971 2261 1048 2337 quid
1069 2267 1103 2321 et

64 2355 254 2445 aquatenus
270 2373 324 2427 aut
338 2367 445 2445 punIri
466 2366 566 2452 soleat
588 2371 643 2426 aut
659 2366 774 2443 quaeri.
817 2365 884 2425 Nec
905 2354 1102 2426 mediocrIter
1185 2353 1197 2388 ⁷

99 2473 256 2533 haesitavi
277 2473 358 2533 sitne
380 2472 508 2550 aliquod
529 2471 698 2532 discrimen
715 2477 853 2532 aetatum
875 2490 916 2532 an
930 2473 1103 2550 quamlibet

40 2633 54 2675 a
100 2558 201 2638 centri
216 2578 298 2638 sinn
317 2599 336 2639 a
355 2578 582 2638 robustioribus
604 2576 869 2652 dicernuntur
889 2578 1102 2655 paenitentiae
1123 2590 1152 2635 ιο

100 2685 193 2744 venia
207 2703 247 2744 an
262 2684 291 2744 ei
306 2684 365 2761 qui*
376 2683 501 2742 omnino
516 2682 715 2744 Christianus
729 2683 794 2743 fuit
814 2683 931 2743 desisse
952 2702 1014 2742 non
1036 2702 1103 2760 pro

101 2789 152 2866 sit,
167 2808 280 2849 nomen
295 2790 408 2867 ipsum,
424 2789 451 2849 si
466 2788 596 2865 flagitiis
614 2794 726 2863 careat,
741 2792 781 2848 an
802 2787 924 2864 flagitia
940 2788 1103 2848 cohaeren-

100 2897 146 2956 tia
159 2896 279 2955 nomini
294 2896 473 2973 puniantur.
510 2895 643 2954 Interim
659 2895 691 2953 in
703 2895 749 2954 eis
761 2894 815 2972 qui
827 2894 867 2954 ad
881 2913 930 2954 me
941 2899 1100 2972 tamquam

64 3013 79 3058 3
100 3001 274 3062 Christiani
291 3001 514 3060 deferebantur
534 3001 618 3059 huno
640 3019 708 3059 sum
730 3005 854 3060 secutus
875 2999 1009 3058 modum.
1052 3000 1102 3059 In-

100 3106 256 3183 terrogavi
271 3106 355 3184 ipsos
370 3126 410 3166 an
425 3112 531 3167 essent
551 3106 732 3168 Christiani.
776 3105 968 3166 Confitentes
987 3105 1101 3165 iterum
1122 3114 1151 3160 15

100 3231 135 3272 ac
149 3212 245 3271 tertio
260 3211 460 3287 interrogavi,
477 3212 664 3290 supplicium
688 3212 841 3271 minatus:
864 3215 1101 3288 perseverantes

100 3317 172 3381 duci
194 3317 281 3377 iussi,
323 3316 434 3394 Neque
456 3318 541 3376 enim
561 3317 752 3391 dubitabam,
773 3315 997 3393 qualecumque
1018 3321 1102 3376 esset

99 3423 183 3500 quod
203 3423 389 3496 faterentur,
404 3423 610 3499 pertinacIam
628 3427 711 3481 certe
733 3427 765 3482 et
784 3421 995 3480 inflexibilem
1011 3421 1110 3477 ebst'x-

60 3545 76 3587 4
96 3529 254 3587 nationem
276 3527 390 3589 debere
409 3520 561 3631 puniribq
573 3531 727 3593 Fuerunt
748 3527 813 3590 alu
831 3524 958 3587 simus
975 3515 1146 3614 amandae
1196 3605 1206 3624 ι

80 3648 167 3703 QUOS:
184 3631 261 3708 <luia
276 3633 367 3696 cives
386 3636 539 3703 Romani
559 3647 673 3721 erant,
689 3632 860 3702 adnotavi
867 3632 917 3690 'in
924 3608 1181 3685 urhun—tm*
1204 3604 1238 3643 ὣ

53 3770 81 3829 l
