2512 3870
450 181 713 232 unsruuauun
738 182 834 233 11.1o.
1099 173 1141 236 25

134 349 279 410 omnibus
300 370 383 411 nunc
404 370 461 428 ego
482 352 515 411 in
536 372 598 412 imo
620 354 736 413 referre
752 355 884 430 gratiam
900 375 1036 433 possum.
1079 357 1141 417 Ita.

135 473 195 531 que
216 474 330 532 prenso
351 457 476 533 amicos,
494 458 646 536 supplico,
662 460 774 535 ambio,
797 461 904 521 domos
926 462 1139 539 stationesque

134 560 298 638 circumeo,
314 569 527 640 quantumque
542 563 593 623 vel
615 565 802 624 auctoritate
823 565 873 624 vel
896 567 998 641 gratia
1018 567 1139 627 valeam

97 675 113 720 6
134 666 278 743 precibus
300 667 451 745 experior.
494 670 600 746 Teque
615 669 741 729 obsecro
756 677 791 730 ut
805 670 942 748 aliquam
957 672 1060 731 oneris
1078 672 1139 730 mei

43 826 46 832 .
134 778 254 848 partem
267 772 423 850 suscipere
435 773 517 832 tanti
528 780 628 851 putes.
671 775 815 835 Reddam
827 775 935 851 vicem,
948 776 976 836 si
986 789 1173 854 reposces,5

133 878 262 937 reddam
279 883 311 936 et
330 877 357 938 si
376 898 438 937 non
457 896 608 956 reposces.
651 879 811 955 Diligeris,
826 880 946 954 coleris,
962 881 1140 959 frequenta

133 982 193 1042 ris:
216 983 346 1042 ostende
361 984 453 1042 modo
467 984 549 1043 velle
563 991 604 1060 te,
619 1004 676 1044 nec
691 986 822 1045 deerunt
837 986 892 1063 qui
906 987 990 1064 quod
1008 993 1044 1046 tu
1058 987 1138 1048 velis

133 1088 269 1166 cupiant.
312 1088 399 1149 Vale.

561 1197 614 1258 23.
644 1196 712 1275 (x.)

373 1352 402 1404 C.
426 1354 571 1404 PLINIUS
594 1353 756 1405 OCTAVIO
780 1354 847 1405 SUO
870 1355 896 1406 S.

461 1489 641 1538 Extortutlou
654 1494 680 1538 to
688 1489 808 1550 praeciso.

98 1630 110 1676 1
172 1620 342 1680 Hominem
367 1627 399 1679 te
424 1620 595 1696 patientem
624 1620 674 1678 vel
702 1613 807 1697 potius
835 1622 947 1680 durum
975 1641 1010 1681 ac
1038 1642 1136 1699 paene

96 1740 111 1784 2
131 1727 300 1800 crudelem,
312 1726 367 1803 qui
378 1731 443 1784 tam
458 1725 597 1799 insignes
610 1725 706 1784 libros
718 1731 783 1785 tarn
799 1725 853 1783 diu
868 1729 992 1786 teneas!
1022 1728 1136 1797 Quoue·
1157 1739 1184 1784 10

132 1851 192 1909 que
214 1838 246 1890 et
266 1831 325 1891 tibi
347 1836 378 1889 et
399 1830 489 1889 nobis
511 1830 677 1904 invidebis,
693 1831 752 1889 tibi
774 1831 910 1889 maxima
929 1830 1030 1906 laude,
1045 1832 1135 1890 nobis

43 1914 52 1924 ‘
89 1988 92 1994 .
130 1937 321 2014 voluptate?
365 1936 438 1995 Sine
463 1955 594 2012 perora
617 1935 779 1994 hominum
801 1937 946 1995 ferantur
974 1936 1135 2013 isdemque

131 2043 246 2119 quibus
271 2042 380 2117 lingua
403 2041 545 2099 Romana
568 2024 678 2118 spatiis
703 2047 921 2118 pervagentur.
964 2043 1080 2116 Magna
1104 2048 1135 2101 et

130 2127 193 2208 iam
209 2147 302 2224 longa
316 2146 492 2224 expectatio
507 2152 564 2220 est,
576 2165 670 2221 quam
685 2146 831 2206 frustrari
846 2146 948 2205 adhuc
963 2152 994 2205 et
1009 2146 1134 2205 differre

93 2270 109 2314 3
130 2273 193 2312 non
214 2253 317 2312 debes
360 2252 558 2310 Enotuerunt
579 2251 706 2328 quidam
727 2251 905 2311 tui'versus
928 2257 959 2311 et
982 2251 1082 2311 invito
1103 2258 1134 2310 te
1156 2265 1184 2309 15

130 2358 270 2418 claustra
292 2375 348 2417 sua
369 2357 574 2432 refregerunt.
618 2357 687 2416 Hos
711 2356 774 2416 nisi
795 2355 929 2435 retrahis
954 2356 988 2415 in
1013 2375 1133 2434 corpus,

130 2464 318 2540 quandoque
337 2467 373 2521 ut
390 2443 514 2520 errones
536 2461 672 2538 aliquem
690 2461 778 2520 cuius
799 2443 943 2521 dicantur
962 2461 1131 2521 invenient.

80 2546 109 2630 ‘4
131 2569 222 2628 Habe
238 2574 311 2627 ante
327 2566 431 2626 oculos
446 2567 680 2641 mortalitatem,
694 2586 785 2643 aqua
796 2567 938 2626 adserere
953 2572 984 2626 te
998 2568 1056 2626 hoo
1070 2587 1134 2626 uno

130 2674 322 2733 monimento
344 2679 449 2750 potes:
482 2691 555 2731 nam
583 2676 686 2730 cetera
712 2671 840 2752 fragilia
867 2678 899 2731 et
927 2673 1044 2731 caduca
1070 2692 1134 2731 non

130 2779 234 2838 minus
249 2797 343 2855 quam
361 2778 423 2855 ipsi
442 2776 584 2836 homines
604 2777 749 2836 occidunt
769 2777 986 2854 desinuntque.
1029 2777 1132 2852 Dices,
1153 2791 1184 2836 20

92 2889 165 2943 eut
188 2884 278 2958 soles,
303 2883 413 2942 ‘amici
441 2882 503 2941 mei
532 2881 688 2941 viderint!
735 2882 816 2960 Opto
844 2882 987 2959 equidem
1018 2882 1133 2942 amicos

129 2989 188 3049 tibi
205 2995 272 3049 tam
287 2988 405 3062 fideles,
420 2988 495 3047 tam*
507 2985 654 3061 eruditos
670 2993 735 3046 tam
757 2987 935 3060 laboriosos,
952 2992 987 3046 ut
1008 2991 1132 3046 tantum

129 3113 221 3154 curae
243 3093 491 3168 intentionisque
517 3092 675 3169 suscipere
697 3098 728 3150 et
749 3092 872 3168 possint
893 3097 925 3150 et
946 3091 1054 3165 velint,
1078 3075 1132 3151 sed

45 3256 48 3263 ,
128 3199 247 3281 dispice
262 3218 301 3258 ne
317 3199 359 3258 sit
373 3217 483 3274 parum
498 3197 664 3274 providum
680 3215 803 3274 sperare
818 3216 857 3255 ex
877 3196 948 3256 aliis
968 3197 1051 3272 quod
1072 3197 1132 3256 tibi

89 3321 107 3367 6
128 3304 196 3382 ipse
216 3324 280 3363 non
301 3309 448 3381 praestes.
491 3303 534 3360 Et
558 3302 597 3360 de
621 3301 758 3362 editione
787 3302 914 3379 quidem
941 3301 1068 3360 interim
1096 3307 1132 3360 ut
1152 3315 1181 3361 25

127 3409 244 3483 volesr
261 3409 360 3468 recita
380 3408 501 3481 saltem,
523 3426 585 3483 quo
606 3407 705 3482 magis
734 3407 831 3467 libeat
859 3406 1011 3480 emittere,
1035 3411 1131 3480 utque

99 3499 252 3575 ‘taudem
274 3512 435 3593 percipias
461 3512 625 3594 gaudium,
652 3514 743 3596 quod
764 3533 825 3593 ego
848 3511 931 3572 olus
950 3529 1015 3586 pro
1033 3514 1073 3564 te
1088 3523 1166 3560 nse

73 3629 93 3674 7
111 3621 230 3677 temere
246 3637 434 3696 praesumo.
491 3625 669 3708 Imaginor
692 3624 788 3690 enim
809 3621 872 3702 qui
891 3626 1091 3678 eonemses,
1108 3613 1200 3669 <affl
