2512 3870
169 182 211 245 12
599 192 629 241 c.
650 191 749 240 rmur

169 368 217 425 Tu
231 367 366 427 fortasse
380 385 429 425 me
447 371 538 443 putes
560 365 728 426 indulsisse
744 365 841 424 amori
856 384 925 424 meo
941 385 1095 442 supraque
1110 365 1171 424 ista
1192 379 1219 422 10

169 490 262 548 quam
283 491 332 533 res
354 466 475 549 patitur
496 471 668 535 sustulisse.
712 470 757 530 At
778 490 834 546 ego
856 471 919 529 fide
941 490 1010 529 mea
1033 471 1170 547 spondeo

168 577 309 636 futurum
325 582 361 635 ut
375 576 480 635 omnia
498 576 589 651 longe
611 577 765 653 ampliora
787 595 880 652 quam
896 595 914 634 a
928 595 977 634 me
992 577 1170 652 praedican-
1241 650 1244 655 ἢ

168 688 219 742 tur
234 682 384 743 invenias.
427 681 534 757 Diligo
548 681 675 758 quidem
694 681 927 740 adulescentem
942 681 1168 755 ardentissime,

133 800 147 844 t
169 787 250 846 sicut
272 793 424 862 meretur;
448 787 503 846 sed
522 786 581 846 hoc
603 787 707 864 ipsum
727 786 862 846 amantis
880 792 937 862 est,
960 805 1023 844 non
1042 804 1169 845 onerare

168 910 239 950 eum
253 891 407 952 laudibus.
451 892 538 952 Vale.

577 1128 657 1149 Ν

580 1197 632 1256 m
662 1194 758 1275 (xv.)

327 1377 356 1428 C.
382 1376 527 1427 PLINIUS
550 1376 715 1427 saP'rlclo
740 1375 860 1427 CLARO
886 1375 952 1426 SUO
980 1375 1006 1426 S.

263 1543 395 1607 Septicius
406 1547 431 1594 ia
441 1546 546 1595 scclded
552 1545 600 1608 for
612 1545 741 1607 breulius
754 1559 770 1595 c
782 1545 879 1595 diener
891 1549 1070 1606 capacensem.

208 1721 297 1781 Heus
312 1725 348 1779 tu
362 1719 521 1798 promittis
533 1720 573 1779 ad
587 1738 695 1779 cenam
710 1738 766 1779 nec
781 1719 886 1779 venis!
909 1720 1034 1778 Dicitur
1049 1719 1112 1779 ius:
1130 1720 1166 1778 ad
1190 1735 1203 1778 1

169 1845 269 1887 assem
280 1825 464 1903 inpendium
475 1826 594 1899 reddes,
607 1844 663 1884 nec
679 1825 711 1883 id
726 1825 890 1883 modicum.
933 1825 1065 1883 Paratae
1080 1830 1170 1883 erant
1189 1840 1204 1884 a

168 1932 307 1991 lactucae
331 1930 480 2006 singulae,
505 1930 650 1989 cochleae
673 1936 789 2004 ternae,
813 1949 872 1988 ova
891 1930 974 2004 bina,
998 1929 1078 1988 alica
1098 1948 1169 1988 cum

120 2048 149 2095 10
169 2037 270 2096 mulso
284 2041 316 2095 et
330 2037 403 2095 nive
421 2036 504 2114 (narn
527 2036 607 2094 hanc
622 2053 744 2112 quoque
759 2034 963 2112 computabis,
979 2034 1074 2092 immo
1089 2034 1169 2093 hanc

168 2143 202 2201 in
224 2141 344 2220 primis,
363 2159 442 2218 quae
464 2141 559 2218 periit
581 2140 615 2198 in
638 2140 781 2220 ferculo),
797 2139 907 2213 olivae,
923 2139 1050 2213 betacei,
1065 2158 1170 2198 cucur-

168 2248 261 2318 bitae,
273 2246 369 2322 bulbi,
382 2246 444 2305 alia
458 2245 544 2304 mille
555 2265 618 2304 non
632 2245 736 2304 minus
750 2245 844 2303 lauta.
887 2244 1040 2304 Audisses
1054 2263 1170 2304 comoe-

169 2353 224 2412 dos
246 2352 296 2411 vel
318 2351 465 2426 lectorem
486 2350 537 2409 vel
561 2350 696 2428 lyristen
718 2350 778 2424 vel,
800 2368 879 2427 quae
901 2368 970 2409 mea
986 2349 1168 2429 liberalitas

169 2476 283 2517 omnes.
325 2456 371 2516 At
387 2462 423 2516 tu
440 2456 524 2533 apud
542 2456 646 2515 nescio
664 2474 756 2532 quem
771 2461 882 2529 ostrea,
897 2455 1016 2531 vulvas,
1032 2455 1168 2530 echinos,
1190 2468 1205 2516 3

120 2567 148 2614 15
169 2563 343 2624 Gaditanas
357 2562 505 2622 maluisti.
549 2561 646 2621 Dabis
662 2580 859 2639 poenasnon
873 2560 1040 2638 dicoquas.
1083 2562 1168 2620 Dure

168 2669 290 2730 fecisti:
313 2668 467 2744 invidisti,
483 2667 588 2728 nescio
602 2686 643 2727 an
656 2667 724 2742 tibi,
740 2672 823 2744 certe
844 2666 931 2742 mihi,
947 2667 1002 2726 sed
1016 2671 1123 2726 tamen
1138 2672 1169 2725 et

143 2812 149 2825 ι
168 2775 235 2835 tibi.
279 2775 435 2846 Quantum
447 2793 503 2834 nos
518 2773 710 2848 lusissemus,
722 2773 909 2847 risissemus,
925 2772 1168 2833 studuissemus!

168 2881 263 2940 Potes
286 2879 465 2957 apparatius
489 2897 597 2938 cenare
612 2878 696 2956 apud
717 2878 842 2953 multos,
858 2896 1013 2954 nusquam
1036 2877 1169 2937 hilarius
1190 2893 1233 2939 4·

169 2985 343 3062 simplicius
358 2984 522 3044 incautius.
565 2984 605 3042 In
620 3002 749 3059 summa,
765 2983 917 3061 experire,
931 2988 961 3041 et
976 2982 1037 3041 nisi
1060 2988 1171 3060 postea

119 3103 149 3150 20
168 3095 200 3149 te
215 3089 286 3149 aliis
300 3089 405 3168 potius
420 3089 626 3164 excusaveris,
642 3089 720 3148 mihi
733 3107 854 3167 semper
868 3106 989 3148 excusa.
1034 3087 1119 3149 Vale.
