2512 3870
392 181 654 232 urrsrurnuun
679 182 756 232 v111.
779 184 818 234 ιτ.
1041 171 1103 237 107

99 353 209 413 videri.
251 354 310 424 Qui
327 373 367 413 an
382 354 486 429 magni
506 355 725 431 sapientesque
747 354 812 415 sint
832 355 947 431 nescio,
962 356 1104 417 homines

62 473 78 518 4
100 479 162 518 non
177 465 259 518 sunt.
301 458 449 519 Hominis
469 465 517 520 ost
531 459 615 517 enim
630 459 723 519 adlici
743 460 857 536 dolore,
874 461 999 535 sentire,
1015 463 1105 522 resis-

100 570 165 623 tere
187 569 292 623 tamen
314 570 346 623 et
367 563 483 625 solacia
503 564 678 638 admittere,
696 584 759 624 non
781 565 905 626 solaciis
927 585 988 625 non
1004 586 1101 642 egere.

62 677 79 722 c
99 669 215 729 Verum
240 669 279 727 de
304 668 354 728 his
378 668 470 746 plura
491 670 626 730 fortasse
648 689 741 747 quam
763 670 864 745 debui,
881 671 936 731 sed
957 672 1103 748 pauciora

99 792 193 851 quarn
209 773 302 833 volui.
345 775 404 834 Est
425 773 509 832 enim
524 775 677 851 quaedam
693 775 788 834 etiam
804 775 931 835 dolendi
946 777 1101 854 voluptas,
1123 791 1137 836 5

99 879 283 956 praesertim
306 879 332 940 si
354 879 387 938 in
409 879 501 939 amici
524 880 595 940 sinu
616 879 741 954 defleas,
757 881 841 957 apud
856 899 949 958 quem
963 880 1102 941 lacrimis

99 985 163 1045 tuis
178 985 229 1045 vel
244 984 313 1046 laus
328 985 370 1046 sit
384 990 496 1063 parata
509 985 561 1045 vel
576 985 675 1046 venia.
719 985 807 1046 Vale.

490 1252 543 1314 aa
572 1248 707 1332 (xvir.)
799 1237 805 1249 '

335 1420 365 1471 c,
386 1421 530 1471 munus
554 1420 722 1471 nncmuo
746 1420 814 1472 suo
837 1422 864 1472 s,
910 1434 933 1473 i·
969 1380 1016 1476 fr·
1032 1368 1057 1499 ¹⁵)
1072 1424 1077 1445 ·
1094 1422 1134 1469 a*

444 1579 552 1640 Aflood
564 1594 599 1628 ou
611 1580 652 1629 tte
670 1580 756 1629 Tiber.

65 1737 77 1781 1
137 1726 224 1785 Num
245 1725 317 1785 istic
339 1743 462 1803 quoque
484 1724 594 1784 inmite
616 1731 648 1784 et
669 1725 830 1784 turbidum
851 1725 997 1785 caelum?
1039 1725 1103 1784 Hic

99 1831 247 1891 adsiduae
262 1835 465 1908 tempestates
486 1836 518 1889 et
536 1831 644 1889 crebra
662 1830 790 1889 diluvia.
834 1830 956 1889 Tiberis
978 1830 1103 1890 alveum

64 1947 78 1991 2
99 1935 234 1996 excessit
245 1943 277 1996 et
287 1935 523 1995 demissioribus
538 1936 616 2012 ripis
627 1935 690 1994 alte
703 1935 951 2012 superfunditur.
994 1936 1104 2006 Quam-
1124 1946 1173 1992 10·

99 2061 193 2119 quam
214 2042 300 2101 fossa
342 2061 413 2101 uam
436 2040 732 2129 providentissimus
760 2040 931 2117 imperator
952 2041 1030 2100 fecit
1054 2061 1104 2100 ex-

99 2147 240 2222 haustus,
261 2062 376 2225 pdddrit
397 2147 505 2220 valles,
527 2114 798 2223 iltttdt'bampis,
824 2164 947 2223 quaque
975 2146 1103 2223 planum

101 2253 210 2326 solum,
224 2271 281 2330 pro
302 2251 368 2312 solo
388 2251 534 2312 cernitur.
577 2251 657 2310 Inde
678 2269 758 2328 quae
780 2251 860 2311 solet
877 2250 1008 2310 flumina
1029 2252 1104 2311 acci·
1134 2263 1154 2293 N

100 2377 173 2436 pere
201 2365 233 2418 et
260 2357 416 2435 permixta
444 2357 597 2417 devehere
619 2356 708 2416 velut
736 2357 847 2416 obvius
872 2356 982 2417 sistere
1010 2358 1103 2434 cogit,

15 2504 19 2511 .
100 2470 193 2540 atque
208 2464 253 2523 ita
267 2463 379 2524 alienis
394 2463 483 2541 aquis
498 2463 600 2540 operit
615 2480 705 2537 agros
723 2481 799 2539 quos
819 2462 887 2538 ipse
907 2481 968 2521 non
991 2463 1101 2540 tangit.
1125 2472 1181 2527 15(-

64 2587 80 2631 3
99 2569 191 2644 Anio,
207 2569 450 2630 delicatissimus
468 2568 607 2628 amnium
627 2567 759 2645 ideoque
781 2567 995 2627 adiacentibus
1017 2568 1103 2627 villis

99 2675 188 2734 velut
208 2675 361 2735 invitatus
383 2680 593 2751 retentusque,
610 2691 724 2748 magna
743 2691 781 2731 ex
795 2679 884 2750 parte
898 2691 1026 2731 nemora
1040 2674 1105 2750 qui-

100 2780 157 2841 bus
180 2781 375 2841 inumbratur
389 2781 485 2857 fregit
503 2786 535 2839 et
555 2779 677 2857 rapuit:
701 2778 824 2838 subruit
843 2784 963 2839 montes
979 2784 1010 2837 et
1025 2779 1105 2838 deei-

100 2887 243 2946 dentium
264 2886 345 2945 mole
366 2885 509 2963 pluribus
530 2885 607 2944 loeis
629 2884 762 2957 clausus,
778 2884 853 2942 dum
874 2884 1022 2944 amissum
1045 2884 1104 2943 iter

100 2991 231 3069 quaerit,
258 2990 385 3069 impulit
410 2996 494 3050 tecta
518 3009 553 3049 ac
578 3008 611 3049 se
636 3008 729 3066 super
757 2989 862 3049 ruinas
890 2989 983 3048 eiecit
1010 2995 1104 3066 atque
1124 2997 1154 3042 20

65 3117 80 3162 4
101 3097 224 3156 extulit.
266 3097 422 3157 Viderunt
433 3115 511 3173 quos
523 3095 744 3155 excelsioribus
756 3094 848 3153 terris
863 3094 920 3153 illa
934 3099 1104 3172 tempestas

100 3201 307 3279 deprehendit
321 3200 397 3260 alibi
412 3200 547 3260 divitum
562 3205 731 3276 apparatus
742 3205 775 3257 et
789 3216 912 3273 gravem
930 3198 1106 3275 supellecti-

101 3306 172 3381 lem,
187 3307 265 3366 alibi
279 3306 490 3366 instrumenta
503 3304 593 3379 ruris,
607 3304 651 3363 lbi
665 3304 759 3363 boves
775 3264 879 3362 alitia
894 3309 1038 3379 rectores,
1052 3304 1104 3363 hio

102 3411 205 3472 soluta
219 3417 250 3470 et
265 3411 365 3470 libera
376 3415 525 3484 armenta,
536 3416 630 3485 atque
642 3409 724 3468 inter
736 3407 812 3467 haec
823 3408 967 3467 arborum
978 3414 1107 3467 truncos

62 3535 80 3577 c
97 3522 155 3574 aut
176 3516 320 3575 villarum
338 3517 453 3594 trabes,
468 3516 558 3579 varie
571 3516 706 3597 lateque
716 3512 900 3575 mutantia.
946 3511 995 3568 lxo
1011 3525 1060 3564 ne
1070 3506 1195 3560 'rusus

82 3617 210 3690 quidem
225 3621 314 3682 malo
328 3634 537 3691 vacaverunt
552 3647 640 3710 quae
653 3646 728 3689 non
741 3609 1041 3687 assandunam.
1074 3603 1182 3658 W*
1244 3615 1248 3620 “
