2512 3870
417 162 679 212 nrrsrunanmu
703 162 752 229 nr.
774 163 812 214 rc.
1017 169 1020 173 ’
1075 153 1117 219 47

79 345 94 390 4
115 333 280 407 rareuarie
294 333 356 394 nisi
368 334 500 393 eruditis
511 341 658 410 negatum
673 339 728 394 est.
762 335 830 393 Nec
841 353 915 394 vero
930 335 1118 397 adfectanda

116 445 189 499 sunt
209 459 330 517 semper
347 439 431 513 elata
447 440 623 517 etexcelsa.
666 440 749 498 Nam
765 445 800 498 ut
820 440 852 498 in
872 440 996 517 pictura
1012 441 1117 501 lumen

115 564 177 603 non
199 545 261 604 alia
281 563 331 604 res
352 545 452 620 magis
474 563 567 621 quam
589 546 697 603 umbra
718 546 922 621 commendat,
942 546 987 606 ita
1008 548 1118 607 oratio

80 659 185 709 suern
208 656 273 709 tarn
295 651 488 709 summittere
511 669 604 727 quam
629 650 773 709 attollere
798 651 894 710 decet.
957 653 1019 712 Sed
1041 653 1118 730 quid

116 774 171 831 ego
186 755 263 814 haec
277 755 458 815 doctissimo
473 755 665 832 virc?-quin
680 755 784 832 potius
799 756 888 832 illud,
904 758 1019 818 adncta
1038 777 1117 835 quae
1138 774 1152 818 5

22 841 54 860 -.
115 859 275 937 putaveris
305 860 496 935 corrigenda.
553 861 605 919 Ita
626 860 712 928 'enim
736 861 835 935 magis
864 862 987 921 credam
1015 869 1117 923 cetera

115 965 173 1025 tibi
189 965 320 1042 placere,
336 965 363 1026 si
378 963 533 1043 quaedam'
545 965 744 1049 displicuisse
759 984 938 1042 cognovero,
981 967 1067 1028 Vale.

520 1237 572 1299 sa
601 1233 717 1316 (niu.)

367 1405 397 1457 C.
423 1405 567 1456 PLINIUS
590 1404 724 1455 NEPOTI
747 1405 814 1456 SUO
838 1405 864 1456 S.

333 1564 443 1615 Amic's
455 1565 501 1627 lise
514 1577 569 1614 was
581 1578 611 1613 cs
624 1564 703 1614 brace
716 1578 746 1614 cs
758 1565 806 1613 lter
817 1565 901 1614 death.

81 1737 95 1783 1
155 1721 334 1782 Adnotasse
346 1720 454 1779 videor
465 1720 552 1780 facta
563 1719 708 1796 dictaque
720 1719 858 1778 virorum
868 1719 1118 1799 feminarumque

80 1840 96 1885 2
116 1826 179 1887 alia
192 1826 328 1886 clariora
341 1845 407 1886 esse
423 1825 486 1885 alia
501 1825 625 1884 maiora.
664 1824 856 1886 Confirmata
867 1834 915 1885 est
929 1825 1036 1912 opinio
1050 1845 1119 1886 mea

116 1932 263 1992 hesterno
287 1931 426 1992 Fanniae
450 1950 599 1991 sermone.
654 1930 770 2008 Neptis
794 1930 871 1990 hacc
896 1930 1006 1990 Arriae
1031 1931 1118 1991 illius
1139 1941 1167 1987 10

72 2119 74 2123 Ι
117 2055 197 2115 quae
211 2036 324 2097 marito
338 2042 373 2096 et
384 2036 533 2096 solacium
547 2035 657 2095 mortis
669 2041 701 2095 et
712 2036 890 2112 exemplum
900 2035 972 2095 fuit.
1015 2036 1119 2096 Multa
1167 2100 1170 2105 ⁴

116 2142 271 2202 referebat
285 2141 374 2202 aviae
385 2160 459 2202 suae
474 2161 537 2200 non
547 2141 669 2201 minora
681 2141 739 2200 hoc
755 2141 810 2200 sed
824 2140 1016 2217 obscuriora;
1039 2160 1118 2218 quae

116 2248 175 2308 tibi
197 2247 342 2308 existimo
363 2253 429 2308 tam
449 2248 605 2308 mirabilia
625 2248 743 2325 legenti
764 2249 840 2323 fore,
860 2267 954 2325 quam
973 2247 1052 2305 mihi
1069 2266 1120 2306 au-

81 2353 216 2413 3dienti
245 2353 382 2413 fuerunt.
439 2348 631 2429 Aegrbtabat
665 2353 799 2414 Caecina
831 2355 958 2426 Paetus,
986 2351 1118 2412 maritus

117 2459 192 2534 eius,
208 2458 388 2534 aegrotabat
402 2465 433 2518 et
447 2459 542 2534 filius,
557 2465 687 2537 uterque
702 2459 872 2533 mortifere,
887 2463 923 2517 ut
936 2457 1116 2517 videbatur:
1139 2469 1167 2514 15

117 2564 201 2624 filius
223 2564 357 2625 decessit
378 2564 493 2624 eximia
515 2565 758 2642 pulchritudine,
780 2564 848 2641 pari
867 2562 1064 2635 verecundia,
1086 2567 1118 2620 et

117 2670 298 2747 parentibus
323 2686 386 2729 non
409 2670 513 2730 minus
538 2671 577 2730 ob
601 2671 664 2730 alia
689 2689 787 2745 caruS,
811 2688 904 2746 quam
927 2669 1009 2745 quod
1032 2667 1117 2727 filius

80 2786 96 2831 4
116 2782 191 2836 erat.
234 2775 319 2834 Huic
338 2774 395 2835 illa
413 2775 459 2835 ita
479 2776 575 2836 funus
595 2776 727 2852 paravit,
744 2775 789 2834 ita
807 2774 899 2833 duxit
916 2772 1063 2850 exequias
1082 2777 1119 2831 ut

116 2881 274 2956 ignoraret
294 2880 441 2940 maritus:
465 2880 665 2958 quinimmo,
688 2880 831 2957 quotiens
853 2878 1030 2938 cubiculum
1051 2877 1118 2937 eius

115 2986 256 3061 intraret,
281 2985 387 3044 vivere
415 2984 516 3043 filium
543 2992 637 3062 atque
665 2986 760 3044 etiarn
787 2974 1024 3044 commodiorem
1051 3000 1118 3042 esse
1139 2994 1168 3039 20

116 3091 293 3166 simulabat,
322 3109 357 3150 ac
386 3109 534 3168 persaepe
561 3089 768 3168 interroganti
796 3089 873 3166 quid
908 3093 1013 3163 ageret
1042 3107 1118 3164 puer

79 3209 94 3254 t
116 3196 324 3274 respondebat
339 3196 434 3255 ‘bene
449 3195 578 3273 quievit,
590 3173 728 3256 libenter
748 3195 851 3254 cibum
866 3193 1018 3271 sumpsit!
1060 3193 1120 3251 De-

115 3300 197 3375 inde,
223 3320 294 3360 cum
321 3301 376 3360 diu
400 3300 555 3360 cohibitae
584 3301 728 3359 lacrimae
753 3300 915 3358 vincerent
943 3316 1119 3375 prorumpe-

116 3412 257 3484 rentque,
286 3405 519 3482 egrediebatur:
555 3411 630 3465 tunc
664 3425 696 3465 sc
725 3404 824 3463 dolori
859 3403 968 3463 dabat:
1005 3402 1119 3462 satiata

114 3510 205 3570 siccis
219 3510 317 3572 oculis
332 3510 506 3590 composito
520 3511 616 3574 vultu
632 3511 772 3589 redibat,
783 3517 957 3588 tamnpam
970 3503 1150 3564 omnam
1161 3512 1201 3551 ‘rh

61 3610 187 3670 aforis
202 3613 401 3691 reliquisset.
470 3622 693 3688 Praeclarum
720 3621 866 3705 quidam
890 3611 989 3685 'uttan
1016 3600 1187 3664 cassam„
