2512 3870
153 152 217 217 108
577 165 607 215 c.
627 165 727 215 mixi
1153 226 1180 257 .-
1213 166 1233 273 ‘p

1119 288 1143 309 Ἰ
1159 294 1163 307 ²
1182 265 1202 310 ,t

153 357 209 413 pro
220 356 310 396 amne
324 337 424 396 imber
435 337 585 397 adsiduus
597 347 628 397 et
638 337 768 396 deiectis
779 337 916 397 nubibus
927 336 1072 396 turbines
1074 300 1168 414 ,pio'
1205 270 1220 383 i

154 450 224 501 ruta
237 462 331 545 opera
344 443 458 541 quibus
473 443 610 520 pretiosa
624 461 697 502 rura
710 442 888 517 cinguntur,
900 447 1052 519 quassata
1065 447 1160 519 atque

153 548 248 606 etiam
252 509 402 607 decussa
401 540 600 606 monimenta
639 546 738 606 Multi
748 547 903 607 eiusmodi
914 546 1040 607 casibus
1052 546 1160 606 debili·

153 654 222 726 tati,
244 653 357 727 obruti,
379 612 500 726 obtriti,
519 659 551 712 et
572 660 665 712 aucta
684 652 822 713 luctibus
843 653 967 712 damna
1010 653 1062 712 Ne
1083 653 1193 730 qu1d6

119 775 134 818 5
154 759 256 818 simile
278 759 349 817 istic
370 778 426 834 pro
447 777 592 818 mensura
612 757 745 835 periculi
765 776 874 818 vereor
901 764 996 835 teque
1021 776 1106 833 rogo,
1132 757 1164 818 si

153 864 233 922 nihil
249 863 321 936 talc,
337 881 429 940 quam
445 863 656 922 maturissime
671 863 878 923 sollicitudini
896 881 985 922 meae
1003 863 1157 938 considas,

154 969 261 1028 sedet
283 969 310 1028 si
331 969 404 1041 tale,
420 968 452 1026 id
473 987 596 1045 quoque
617 969 752 1028 nunties.
793 969 878 1028 Nam
898 967 1030 1045 paulum
1051 968 1159 1027 differt

154 1073 284 1149 patiaris
306 1073 439 1133 adversa
459 1092 499 1132 an
520 1080 698 1150 exspectes,
720 1073 784 1133 nisi
804 1073 889 1150 quod
909 1079 1018 1133 tamen
1039 1079 1089 1132 est
1109 1073 1160 1132 do

154 1178 240 1236 lendi
264 1179 383 1251 modus,
409 1198 470 1237 non
494 1185 542 1237 est
567 1179 709 1238 timendi.
752 1179 868 1238 Doleas
891 1179 976 1237 enirn
1003 1184 1159 1256 quantum

106 1295 134 1341 ιο
155 1284 234 1343 scias
249 1283 408 1358 accidisse,
424 1284 536 1344 timeas
551 1290 703 1362 quantum
717 1284 819 1362 possit
832 1284 982 1344 accidere.
1025 1283 1114 1345 Vale.

966 1395 974 1431 l

561 1488 614 1549 aa.
643 1486 744 1567 (xx.)

411 1646 441 1696 C.
467 1646 611 1696 PLINIUS
635 1645 755 1697 GALLO
778 1645 847 1697 SUO
870 1647 897 1697 S.

349 1778 374 1828 Τ
373 1781 405 1829 he
416 1780 535 1842 ,doctina
549 1781 652 1829 islanda
664 1781 696 1844 os
709 1781 782 1830 Lake
799 1779 963 1831 Vadimonis.

194 1913 246 1971 Ad
260 1930 340 1989 quae
355 1913 511 1971 noscenda
527 1912 587 1969 iter
602 1911 732 1986 ingredi,
747 1913 962 1972 transmittere
980 1931 1066 1973 mare
1084 1913 1161 1974 sole
1182 1931 1196 1975 1

154 2038 231 2091 mus,
247 2036 283 2076 ea
298 2018 355 2076 sub
369 2017 468 2075 oculis
483 2016 586 2093 posita
604 2015 808 2092 neglegimus,
827 2036 882 2077 scu
896 2017 971 2095 quia
985 2018 1031 2078 ita
1044 2025 1162 2079 natura

153 2099 365 2199 coiiiparatum
380 2128 416 2181 ut
427 2121 637 2198 proximorum
648 2121 798 2181 incuriosi
809 2122 982 2200 longinqua
992 2130 1160 2200 sectemur,

154 2247 209 2287 seu
230 2228 312 2304 quod
334 2227 471 2285 omnium
494 2245 597 2285 rerum
619 2226 732 2303 cupido
752 2227 937 2304 languescit,
959 2247 1030 2288 cum
1051 2229 1161 2290 facilis

105 2318 134 2386 15'
153 2333 281 2404 occasio,
298 2350 352 2390 seu
366 2331 450 2407 quod
465 2331 639 2390 differimus
660 2337 821 2409 tamquam
842 2350 934 2409 saepe
951 2333 1052 2392 visuri
1074 2335 1162 2411 quod

153 2439 247 2497 datur
274 2437 388 2509 videre,
418 2437 562 2513 quotiens
590 2436 669 2495 velis
700 2454 833 2495 cernere.
889 2437 1092 2515 Quacumque
1120 2439 1197 2501 dea

153 2562 254 2617 causa,
267 2541 422 2620 permulta
436 2542 469 2600 in
483 2543 559 2602 urbe
574 2548 682 2601 nostra
695 2542 845 2619 iuxtaque
860 2543 969 2602 urbem
982 2563 1047 2602 non
1057 2544 1161 2606 oculis

152 2651 245 2709 modo
266 2649 320 2708 sed
341 2667 380 2705 ne
402 2648 528 2706 auribus
550 2647 675 2723 quidem
697 2647 849 2721 novimus,
873 2666 953 2725 quae
977 2646 1005 2709 si
1029 2649 1163 2710 tulisset

152 2755 282 2828 Achaia,
311 2755 483 2831 Aegyptos,
511 2753 590 2811 Asia
617 2752 718 2811 aliave
747 2753 907 2830 quaelibet
934 2734 1161 2815 mir‘aculbrrird

103 2873 133 2917 oo
152 2864 241 2922 ferax
269 2859 575 2935 commendatrixque
603 2865 694 2933 terra,
720 2859 829 2917 audita
856 2858 994 2935 perlecta
1021 2859 1163 2922 lustrata

152 2967 344 3027 haberemus.
388 2965 460 3041 Ipse
483 2968 566 3022 certe
589 2982 689 3040 nuper
712 2964 796 3039 quod
820 2982 877 3022 neo
899 2964 1061 3024 audieram
1084 2973 1197 3028 antea

152 3092 208 3133 nec
231 3072 369 3130 riderem
391 3069 499 3128 audivi
523 3069 641 3146 pariter
662 3074 694 3127 et
714 3069 789 3128 vidi.
831 3048 1186 3148 Exegerat'p'rbsd'ce'ff

152 3197 238 3238 meus
253 3183 289 3235 ut
303 3175 453 3234 Amerina
467 3174 596 3252 praedia
616 3192 673 3233 sua
690 3173 884 3251 inspicerem.
927 3176 1016 3234 Haec
1036 3195 1163 3254 peram-

151 3283 274 3345 bulanti
296 3282 374 3340 mihi
395 3280 571 3340 ostenditur
590 3279 753 3340 subiacens
770 3280 855 3340 lacus
871 3280 996 3340 nomine
1010 3282 1162 3345 Vadimo

102 3401 130 3446 25
151 3390 217 3450 nis:
241 3388 335 3449 simul
354 3387 506 3464 quaedam
524 3385 723 3444 incredibilia
741 3392 915 3445 narrantur.
957 3387 1097 3447 Perveni
1117 3389 1162 3450 ad

138 3496 255 3573 ipsum.
299 3496 406 3557 Lacus
434 3497 485 3556 est
509 3493 546 3553 in
568 3490 814 3553 similitudinem
831 3490 967 3547 lanensis
984 3497 1078 3549 istas
1102 3495 1161 3552 cit.
1180 3511 1196 3555 4

119 3605 264 3666 cumscri
261 3612 346 3686 ptus
362 3611 399 3669 et
413 3603 566 3686 undique
580 3597 751 3680 aequalis:
769 3593 886 3653 nullus
898 3590 1003 3657 dinus,
1012 3588 1195 3660 obtimum
