<?xml version="1.0" encoding="UTF-8"?>
<!DOCTYPE html PUBLIC "-//W3C//DTD XHTML 1.0 Transitional//EN"
    "http://www.w3.org/TR/xhtml1/DTD/xhtml1-transitional.dtd">
<html xmlns="http://www.w3.org/1999/xhtml" xml:lang="en" lang="en">
 <head>
  <title>
</title>
<meta http-equiv="Content-Type" content="text/html;charset=utf-8" />
  <meta name='ocr-system' content='tesseract 3.04.00' />
  <meta name='ocr-capabilities' content='ocr_page ocr_carea ocr_par ocr_line ocrx_word'/>
</head>
<body>
  <div class='ocr_page' id='page_1' title='image "./cplinisecundiep01plingoog_0112.png"; bbox 0 0 2512 3870; ppageno 0'>
   <div class='ocr_carea' id='block_1_1' title="bbox 413 165 1104 230">
    <p class='ocr_par' dir='ltr' id='par_1_1' title="bbox 413 165 1104 230">
     <span class='ocr_line' id='line_1_1' title="bbox 413 165 1104 230; baseline 0.007 -5"><span class='ocrx_word' id='word_1_1' title='bbox 413 175 676 226; x_wconf 75' lang='lat' dir='ltr'><strong>scissurarum</strong></span> <span class='ocrx_word' id='word_1_2' title='bbox 700 176 733 226; x_wconf 89' lang='lat' dir='ltr'><strong>V.</strong></span> <span class='ocrx_word' id='word_1_3' title='bbox 756 175 794 227; x_wconf 84' lang='lat' dir='ltr'><strong>re.</strong></span> <span class='ocrx_word' id='word_1_4' title='bbox 1063 165 1104 230; x_wconf 74' lang='lat'><strong>73</strong></span> 
     </span>
    </p>
   </div>
   <div class='ocr_carea' id='block_1_2' title="bbox 57 347 1150 2113">
    <p class='ocr_par' dir='ltr' id='par_1_2' title="bbox 98 347 1104 530">
     <span class='ocr_line' id='line_1_2' title="bbox 98 347 1104 427; baseline 0.003 -20"><span class='ocrx_word' id='word_1_5' title='bbox 98 366 156 423; x_wconf 88' lang='lat' dir='ltr'><strong>ego</strong></span> <span class='ocrx_word' id='word_1_6' title='bbox 170 348 225 425; x_wconf 88' lang='lat' dir='ltr'><strong>qui</strong></span> <span class='ocrx_word' id='word_1_7' title='bbox 241 348 289 407; x_wconf 88' lang='lat' dir='ltr'><strong>vir</strong></span> <span class='ocrx_word' id='word_1_8' title='bbox 303 355 336 408; x_wconf 91' lang='lat' dir='ltr'><strong>et</strong></span> <span class='ocrx_word' id='word_1_9' title='bbox 350 355 487 425; x_wconf 91' lang='lat' dir='ltr'><strong>quantus</strong></span> <span class='ocrx_word' id='word_1_10' title='bbox 502 353 587 409; x_wconf 89' lang='lat' dir='ltr'><strong>esset</strong></span> <span class='ocrx_word' id='word_1_11' title='bbox 599 347 753 408; x_wconf 78' lang='lat' dir='ltr'><strong>altissime</strong></span> <span class='ocrx_word' id='word_1_12' title='bbox 768 348 901 427; x_wconf 82' lang='lat' dir='ltr'><strong>inspexi,</strong></span> <span class='ocrx_word' id='word_1_13' title='bbox 913 367 984 409; x_wconf 89' lang='lat' dir='ltr'><strong>oum</strong></span> <span class='ocrx_word' id='word_1_14' title='bbox 999 368 1104 427; x_wconf 87' lang='lat' dir='ltr'><strong>seque·</strong></span> 
     </span>
     <span class='ocr_line' id='line_1_3' title="bbox 98 453 1104 530; baseline 0.003 -19"><span class='ocrx_word' id='word_1_15' title='bbox 98 472 148 513; x_wconf 94' lang='lat' dir='ltr'><strong>rer</strong></span> <span class='ocrx_word' id='word_1_16' title='bbox 176 458 212 512; x_wconf 92' lang='lat' dir='ltr'><strong>ut</strong></span> <span class='ocrx_word' id='word_1_17' title='bbox 238 453 433 529; x_wconf 88' lang='lat' dir='ltr'><strong>magistrum,</strong></span> <span class='ocrx_word' id='word_1_18' title='bbox 455 460 491 512; x_wconf 90' lang='lat' dir='ltr'><strong>ut</strong></span> <span class='ocrx_word' id='word_1_19' title='bbox 519 459 681 530; x_wconf 90' lang='lat' dir='ltr'><strong>parentem</strong></span> <span class='ocrx_word' id='word_1_20' title='bbox 701 473 834 530; x_wconf 85' lang='lat' dir='ltr'><strong>vererer,</strong></span> <span class='ocrx_word' id='word_1_21' title='bbox 850 455 933 530; x_wconf 87' lang='lat' dir='ltr'><strong>quod</strong></span> <span class='ocrx_word' id='word_1_22' title='bbox 954 462 1104 516; x_wconf 92' lang='lat' dir='ltr'><strong>nontam</strong></span> 
     </span>
    </p>

    <p class='ocr_par' dir='ltr' id='par_1_3' title="bbox 62 559 1102 636">
     <span class='ocr_line' id='line_1_4' title="bbox 62 559 1102 636; baseline 0.004 -18"><span class='ocrx_word' id='word_1_23' title='bbox 62 572 78 617; x_wconf 89' lang='lat'><strong>6</strong></span> <span class='ocrx_word' id='word_1_24' title='bbox 99 559 212 620; x_wconf 89' lang='lat' dir='ltr'><strong>aetatis</strong></span> <span class='ocrx_word' id='word_1_25' title='bbox 227 560 410 619; x_wconf 88' lang='lat' dir='ltr'><strong>maturitate</strong></span> <span class='ocrx_word' id='word_1_26' title='bbox 425 578 519 636; x_wconf 91' lang='lat' dir='ltr'><strong>quam</strong></span> <span class='ocrx_word' id='word_1_27' title='bbox 536 559 621 618; x_wconf 90' lang='lat' dir='ltr'><strong>vitae</strong></span> <span class='ocrx_word' id='word_1_28' title='bbox 641 561 825 620; x_wconf 90' lang='lat' dir='ltr'><strong>merebatur.</strong></span> <span class='ocrx_word' id='word_1_29' title='bbox 869 561 931 622; x_wconf 91' lang='lat' dir='ltr'><strong>His</strong></span> <span class='ocrx_word' id='word_1_30' title='bbox 946 580 984 620; x_wconf 84' lang='lat' dir='ltr'><strong>ex</strong></span> <span class='ocrx_word' id='word_1_31' title='bbox 999 563 1102 622; x_wconf 88' lang='lat' dir='ltr'><strong>causis</strong></span> 
     </span>
    </p>

    <p class='ocr_par' dir='ltr' id='par_1_4' title="bbox 57 662 1136 848">
     <span class='ocr_line' id='line_1_5' title="bbox 57 662 1101 744; baseline 0.003 -20"><span class='ocrx_word' id='word_1_32' title='bbox 57 662 62 673; x_wconf 86' lang='lat'><em>&#39;</em></span> <span class='ocrx_word' id='word_1_33' title='bbox 98 670 134 724; x_wconf 88' lang='lat' dir='ltr'><strong>ut</strong></span> <span class='ocrx_word' id='word_1_34' title='bbox 149 665 198 724; x_wconf 91' lang='lat' dir='ltr'><strong>illi</strong></span> <span class='ocrx_word' id='word_1_35' title='bbox 213 665 257 725; x_wconf 91' lang='lat' dir='ltr'><strong>sic</strong></span> <span class='ocrx_word' id='word_1_36' title='bbox 269 665 348 724; x_wconf 92' lang='lat' dir='ltr'><strong>mihi</strong></span> <span class='ocrx_word' id='word_1_37' title='bbox 360 665 507 740; x_wconf 89' lang='lat' dir='ltr'><strong>gratulor,</strong></span> <span class='ocrx_word' id='word_1_38' title='bbox 520 683 576 724; x_wconf 90' lang='lat' dir='ltr'><strong>nec</strong></span> <span class='ocrx_word' id='word_1_39' title='bbox 588 665 737 742; x_wconf 90' lang='lat' dir='ltr'><strong>privatim</strong></span> <span class='ocrx_word' id='word_1_40' title='bbox 748 666 848 742; x_wconf 89' lang='lat' dir='ltr'><strong>magis</strong></span> <span class='ocrx_word' id='word_1_41' title='bbox 860 685 954 743; x_wconf 90' lang='lat' dir='ltr'><strong>quam</strong></span> <span class='ocrx_word' id='word_1_42' title='bbox 968 668 1101 744; x_wconf 89' lang='lat' dir='ltr'><strong>publice,</strong></span> 
     </span>
     <span class='ocr_line' id='line_1_6' title="bbox 98 770 1136 848; baseline 0 -18"><span class='ocrx_word' id='word_1_43' title='bbox 98 771 182 847; x_wconf 93' lang='lat' dir='ltr'><strong>quod</strong></span> <span class='ocrx_word' id='word_1_44' title='bbox 202 772 330 831; x_wconf 91' lang='lat' dir='ltr'><strong>tandem</strong></span> <span class='ocrx_word' id='word_1_45' title='bbox 351 770 494 830; x_wconf 89' lang='lat' dir='ltr'><strong>homines</strong></span> <span class='ocrx_word' id='word_1_46' title='bbox 516 789 577 829; x_wconf 94' lang='lat' dir='ltr'><strong>non</strong></span> <span class='ocrx_word' id='word_1_47' title='bbox 595 771 637 829; x_wconf 90' lang='lat' dir='ltr'><strong>ad</strong></span> <span class='ocrx_word' id='word_1_48' title='bbox 660 770 807 848; x_wconf 90' lang='lat' dir='ltr'><strong>pericula,</strong></span> <span class='ocrx_word' id='word_1_49' title='bbox 822 776 858 830; x_wconf 88' lang='lat' dir='ltr'><strong>ut</strong></span> <span class='ocrx_word' id='word_1_50' title='bbox 881 772 977 848; x_wconf 90' lang='lat' dir='ltr'><strong>prius,</strong></span> <span class='ocrx_word' id='word_1_51' title='bbox 992 792 1100 832; x_wconf 77' lang='lat' dir='ltr'><strong>uerum</strong></span> <span class='ocrx_word' id='word_1_52' title='bbox 1122 785 1136 830; x_wconf 84' lang='lat'><strong>5</strong></span> 
     </span>
    </p>

    <p class='ocr_par' dir='ltr' id='par_1_5' title="bbox 62 875 1103 1057">
     <span class='ocr_line' id='line_1_7' title="bbox 62 875 1101 954; baseline 0.004 -20"><span class='ocrx_word' id='word_1_53' title='bbox 62 889 77 934; x_wconf 80' lang='grc'><strong>7</strong></span> <span class='ocrx_word' id='word_1_54' title='bbox 98 877 138 936; x_wconf 90' lang='lat' dir='ltr'><strong>ad</strong></span> <span class='ocrx_word' id='word_1_55' title='bbox 159 876 292 936; x_wconf 85' lang='lat' dir='ltr'>honores</span> <span class='ocrx_word' id='word_1_56' title='bbox 309 875 427 936; x_wconf 83' lang='lat' dir='ltr'><strong>virtute</strong></span> <span class='ocrx_word' id='word_1_57' title='bbox 449 876 646 953; x_wconf 90' lang='lat' dir='ltr'><strong>perveniunt.</strong></span> <span class='ocrx_word' id='word_1_58' title='bbox 689 877 730 934; x_wconf 86' lang='lat' dir='ltr'><strong>In</strong></span> <span class='ocrx_word' id='word_1_59' title='bbox 751 875 910 935; x_wconf 90' lang='lat' dir='ltr'><strong>infinitum</strong></span> <span class='ocrx_word' id='word_1_60' title='bbox 933 877 1101 954; x_wconf 81' lang='lat' dir='ltr'><strong>epistulam</strong></span> 
     </span>
     <span class='ocr_line' id='line_1_8' title="bbox 98 981 1103 1057; baseline 0.002 -17"><span class='ocrx_word' id='word_1_61' title='bbox 98 983 275 1057; x_wconf 82' lang='lat' dir='ltr'><strong>extendam,</strong></span> <span class='ocrx_word' id='word_1_62' title='bbox 291 981 319 1041; x_wconf 90' lang='lat' dir='ltr'><strong>si</strong></span> <span class='ocrx_word' id='word_1_63' title='bbox 341 981 454 1056; x_wconf 88' lang='lat' dir='ltr'><strong>gaudio</strong></span> <span class='ocrx_word' id='word_1_64' title='bbox 475 1000 544 1040; x_wconf 91' lang='lat' dir='ltr'><strong>meo</strong></span> <span class='ocrx_word' id='word_1_65' title='bbox 564 981 754 1056; x_wconf 80' lang='lat' dir='ltr'><strong>indulgeam.</strong></span> <span class='ocrx_word' id='word_1_66' title='bbox 798 983 983 1042; x_wconf 83' lang='lat' dir='ltr'><strong>Praevertor</strong></span> <span class='ocrx_word' id='word_1_67' title='bbox 1004 984 1044 1042; x_wconf 91' lang='lat' dir='ltr'><strong>ad</strong></span> <span class='ocrx_word' id='word_1_68' title='bbox 1065 1003 1103 1042; x_wconf 93' lang='lat' dir='ltr'><strong>ea</strong></span> 
     </span>
    </p>

    <p class='ocr_par' dir='ltr' id='par_1_6' title="bbox 62 1086 1150 1590">
     <span class='ocr_line' id='line_1_9' title="bbox 62 1086 1101 1164; baseline 0.005 -22"><span class='ocrx_word' id='word_1_69' title='bbox 62 1098 178 1164; x_wconf 82' lang='lat' dir='ltr'><strong>aquae</strong></span> <span class='ocrx_word' id='word_1_70' title='bbox 195 1106 244 1146; x_wconf 93' lang='lat' dir='ltr'><strong>me</strong></span> <span class='ocrx_word' id='word_1_71' title='bbox 266 1092 411 1162; x_wconf 88' lang='lat' dir='ltr'><strong>agentem</strong></span> <span class='ocrx_word' id='word_1_72' title='bbox 432 1087 482 1146; x_wconf 93' lang='lat' dir='ltr'><strong>hic</strong></span> <span class='ocrx_word' id='word_1_73' title='bbox 504 1087 634 1146; x_wconf 88' lang='lat' dir='ltr'><strong>nuntius</strong></span> <span class='ocrx_word' id='word_1_74' title='bbox 656 1086 871 1164; x_wconf 84' lang='lat' dir='ltr'><strong>deprehendit.</strong></span> <span class='ocrx_word' id='word_1_75' title='bbox 914 1089 1010 1147; x_wconf 87' lang='lat' dir='ltr'><strong>Eram</strong></span> <span class='ocrx_word' id='word_1_76' title='bbox 1031 1107 1101 1147; x_wconf 90' lang='lat' dir='ltr'><strong>eum</strong></span> 
     </span>
     <span class='ocr_line' id='line_1_10' title="bbox 98 1193 1101 1270; baseline 0.003 -20"><span class='ocrx_word' id='word_1_77' title='bbox 98 1212 261 1270; x_wconf 79' lang='lat' dir='ltr'><strong>prosocero</strong></span> <span class='ocrx_word' id='word_1_78' title='bbox 275 1212 353 1267; x_wconf 89' lang='lat' dir='ltr'><strong>meo,</strong></span> <span class='ocrx_word' id='word_1_79' title='bbox 369 1211 453 1252; x_wconf 89' lang='lat' dir='ltr'><strong>eram</strong></span> <span class='ocrx_word' id='word_1_80' title='bbox 469 1210 539 1252; x_wconf 89' lang='lat' dir='ltr'><strong>cum</strong></span> <span class='ocrx_word' id='word_1_81' title='bbox 553 1193 651 1252; x_wconf 90' lang='lat' dir='ltr'><strong>amita</strong></span> <span class='ocrx_word' id='word_1_82' title='bbox 664 1193 780 1266; x_wconf 85' lang='lat' dir='ltr'><strong>uxoris,</strong></span> <span class='ocrx_word' id='word_1_83' title='bbox 797 1211 881 1251; x_wconf 90' lang='lat' dir='ltr'><strong>eram</strong></span> <span class='ocrx_word' id='word_1_84' title='bbox 903 1211 973 1251; x_wconf 90' lang='lat' dir='ltr'><strong>eum</strong></span> <span class='ocrx_word' id='word_1_85' title='bbox 992 1194 1101 1254; x_wconf 91' lang='lat' dir='ltr'><strong>amicis</strong></span> 
     </span>
     <span class='ocr_line' id='line_1_11' title="bbox 98 1297 1150 1374; baseline 0.004 -18"><span class='ocrx_word' id='word_1_86' title='bbox 98 1298 152 1356; x_wconf 90' lang='lat' dir='ltr'><strong>din</strong></span> <span class='ocrx_word' id='word_1_87' title='bbox 180 1298 375 1374; x_wconf 90' lang='lat' dir='ltr'><strong>desideratis,</strong></span> <span class='ocrx_word' id='word_1_88' title='bbox 398 1297 599 1357; x_wconf 82' lang='lat' dir='ltr'><strong>circumibam</strong></span> <span class='ocrx_word' id='word_1_89' title='bbox 627 1298 754 1372; x_wconf 83' lang='lat' dir='ltr'><strong>agellos,</strong></span> <span class='ocrx_word' id='word_1_90' title='bbox 776 1297 941 1358; x_wconf 90' lang='lat' dir='ltr'><strong>audiebam</strong></span> <span class='ocrx_word' id='word_1_91' title='bbox 966 1299 1100 1359; x_wconf 89' lang='lat' dir='ltr'><strong>multum</strong></span> <span class='ocrx_word' id='word_1_92' title='bbox 1122 1314 1150 1360; x_wconf 91' lang='lat'><strong>10</strong></span> 
     </span>
     <span class='ocr_line' id='line_1_12' title="bbox 98 1403 1102 1481; baseline 0.002 -19"><span class='ocrx_word' id='word_1_93' title='bbox 98 1404 284 1464; x_wconf 85' lang='lat' dir='ltr'><strong>rusticarum</strong></span> <span class='ocrx_word' id='word_1_94' title='bbox 300 1403 519 1481; x_wconf 83' lang='lat' dir='ltr'><strong>querellarum,</strong></span> <span class='ocrx_word' id='word_1_95' title='bbox 535 1403 672 1463; x_wconf 88' lang='lat' dir='ltr'><strong>rationes</strong></span> <span class='ocrx_word' id='word_1_96' title='bbox 687 1403 828 1479; x_wconf 87' lang='lat' dir='ltr'><strong>legebam</strong></span> <span class='ocrx_word' id='word_1_97' title='bbox 843 1403 961 1463; x_wconf 89' lang='lat' dir='ltr'><strong>invitus</strong></span> <span class='ocrx_word' id='word_1_98' title='bbox 983 1411 1015 1464; x_wconf 90' lang='lat' dir='ltr'><strong>et</strong></span> <span class='ocrx_word' id='word_1_99' title='bbox 1036 1424 1102 1464; x_wconf 90' lang='lat' dir='ltr'><strong>cur-</strong></span> 
     </span>
     <span class='ocr_line' id='line_1_13' title="bbox 98 1508 1101 1590; baseline 0.001 -21"><span class='ocrx_word' id='word_1_100' title='bbox 98 1510 157 1569; x_wconf 92' lang='lat' dir='ltr'><strong>sim</strong></span> <span class='ocrx_word' id='word_1_101' title='bbox 173 1509 257 1587; x_wconf 91' lang='lat' dir='ltr'><strong>(aliis</strong></span> <span class='ocrx_word' id='word_1_102' title='bbox 272 1509 356 1568; x_wconf 89' lang='lat' dir='ltr'><strong>enim</strong></span> <span class='ocrx_word' id='word_1_103' title='bbox 370 1509 497 1582; x_wconf 87' lang='lat' dir='ltr'><strong>chartis,</strong></span> <span class='ocrx_word' id='word_1_104' title='bbox 513 1508 584 1568; x_wconf 89' lang='lat' dir='ltr'><strong>aliis</strong></span> <span class='ocrx_word' id='word_1_105' title='bbox 600 1528 668 1569; x_wconf 90' lang='lat' dir='ltr'><strong>sum</strong></span> <span class='ocrx_word' id='word_1_106' title='bbox 684 1509 799 1568; x_wconf 86' lang='lat' dir='ltr'><strong>litteris</strong></span> <span class='ocrx_word' id='word_1_107' title='bbox 816 1509 984 1590; x_wconf 80' lang='lat' dir='ltr'><strong>initiatus),</strong></span> <span class='ocrx_word' id='word_1_108' title='bbox 996 1528 1101 1587; x_wconf 78' lang='lat' dir='ltr'><strong>coepe</strong></span> 
     </span>
    </p>

    <p class='ocr_par' dir='ltr' id='par_1_7' title="bbox 61 1613 1149 2113">
     <span class='ocr_line' id='line_1_14' title="bbox 61 1613 1099 1692; baseline 0.003 -20"><span class='ocrx_word' id='word_1_109' title='bbox 61 1629 76 1672; x_wconf 85' lang='lat' dir='ltr'><strong>e</strong></span> <span class='ocrx_word' id='word_1_110' title='bbox 96 1634 163 1674; x_wconf 91' lang='lat' dir='ltr'><strong>ram</strong></span> <span class='ocrx_word' id='word_1_111' title='bbox 175 1615 269 1674; x_wconf 91' lang='lat' dir='ltr'><strong>etiam</strong></span> <span class='ocrx_word' id='word_1_112' title='bbox 281 1614 388 1674; x_wconf 90' lang='lat' dir='ltr'><strong>itineri</strong></span> <span class='ocrx_word' id='word_1_113' title='bbox 400 1634 448 1673; x_wconf 91' lang='lat' dir='ltr'><strong>me</strong></span> <span class='ocrx_word' id='word_1_114' title='bbox 461 1632 653 1692; x_wconf 89' lang='lat' dir='ltr'><strong>praeparare.</strong></span> <span class='ocrx_word' id='word_1_115' title='bbox 697 1615 781 1673; x_wconf 89' lang='lat' dir='ltr'><strong>Nam</strong></span> <span class='ocrx_word' id='word_1_116' title='bbox 792 1613 934 1672; x_wconf 91' lang='lat' dir='ltr'><strong>includor</strong></span> <span class='ocrx_word' id='word_1_117' title='bbox 946 1616 1099 1690; x_wconf 88' lang='lat' dir='ltr'><strong>angustiis</strong></span> 
     </span>
     <span class='ocr_line' id='line_1_15' title="bbox 97 1719 1101 1797; baseline -0.001 -18"><span class='ocrx_word' id='word_1_118' title='bbox 97 1726 296 1794; x_wconf 85' lang='lat' dir='ltr'><strong>commeatus,</strong></span> <span class='ocrx_word' id='word_1_119' title='bbox 313 1739 409 1797; x_wconf 88' lang='lat' dir='ltr'><strong>eoque</strong></span> <span class='ocrx_word' id='word_1_120' title='bbox 421 1720 490 1797; x_wconf 91' lang='lat' dir='ltr'><strong>ipso</strong></span> <span class='ocrx_word' id='word_1_121' title='bbox 502 1720 585 1797; x_wconf 93' lang='lat' dir='ltr'><strong>quod</strong></span> <span class='ocrx_word' id='word_1_122' title='bbox 597 1719 772 1794; x_wconf 91' lang='lat' dir='ltr'><strong>delegatum</strong></span> <span class='ocrx_word' id='word_1_123' title='bbox 786 1719 924 1778; x_wconf 81' lang='lat' dir='ltr'><strong>Cornuto</strong></span> <span class='ocrx_word' id='word_1_124' title='bbox 936 1719 1028 1779; x_wconf 85' lang='lat' dir='ltr'><strong>audio</strong></span> <span class='ocrx_word' id='word_1_125' title='bbox 1040 1720 1101 1778; x_wconf 90' lang='lat' dir='ltr'><strong>offi-</strong></span> 
     </span>
     <span class='ocr_line' id='line_1_16' title="bbox 96 1824 1149 1909; baseline 0.002 -25"><span class='ocrx_word' id='word_1_126' title='bbox 96 1826 179 1885; x_wconf 89' lang='lat' dir='ltr'><strong>cium</strong></span> <span class='ocrx_word' id='word_1_127' title='bbox 193 1826 255 1885; x_wconf 93' lang='lat' dir='ltr'><strong>mei</strong></span> <span class='ocrx_word' id='word_1_128' title='bbox 270 1827 444 1885; x_wconf 90' lang='lat' dir='ltr'><strong>admoneor.</strong></span> <span class='ocrx_word' id='word_1_129' title='bbox 488 1826 587 1903; x_wconf 75' lang='lat' dir='ltr'><strong>Cupio</strong></span> <span class='ocrx_word' id='word_1_130' title='bbox 602 1831 633 1884; x_wconf 90' lang='lat' dir='ltr'><strong>te</strong></span> <span class='ocrx_word' id='word_1_131' title='bbox 648 1844 771 1902; x_wconf 91' lang='lat' dir='ltr'><strong>quoque</strong></span> <span class='ocrx_word' id='word_1_132' title='bbox 792 1824 849 1884; x_wconf 90' lang='lat' dir='ltr'><strong>sub</strong></span> <span class='ocrx_word' id='word_1_133' title='bbox 870 1825 954 1883; x_wconf 89' lang='lat' dir='ltr'><strong>idem</strong></span> <span class='ocrx_word' id='word_1_134' title='bbox 975 1831 1099 1902; x_wconf 87' lang='lat' dir='ltr'><strong>tempus</strong></span> <span class='ocrx_word' id='word_1_135' title='bbox 1121 1842 1149 1909; x_wconf 64' lang='lat' dir='ltr'><strong>lt</strong></span> 
     </span>
     <span class='ocr_line' id='line_1_17' title="bbox 96 1929 1099 2009; baseline -0.002 -18"><span class='ocrx_word' id='word_1_136' title='bbox 96 1931 269 2009; x_wconf 83' lang='lat' dir='ltr'><strong>Campania</strong></span> <span class='ocrx_word' id='word_1_137' title='bbox 290 1937 345 1990; x_wconf 90' lang='lat' dir='ltr'><strong>tua</strong></span> <span class='ocrx_word' id='word_1_138' title='bbox 366 1931 516 2005; x_wconf 90' lang='lat' dir='ltr'><strong>remittat,</strong></span> <span class='ocrx_word' id='word_1_139' title='bbox 536 1950 575 1989; x_wconf 93' lang='lat' dir='ltr'><strong>ne</strong></span> <span class='ocrx_word' id='word_1_140' title='bbox 597 1930 677 2007; x_wconf 92' lang='lat' dir='ltr'><strong>quis,</strong></span> <span class='ocrx_word' id='word_1_141' title='bbox 693 1949 761 1989; x_wconf 90' lang='lat' dir='ltr'><strong>cum</strong></span> <span class='ocrx_word' id='word_1_142' title='bbox 785 1929 819 1988; x_wconf 94' lang='lat' dir='ltr'><strong>in</strong></span> <span class='ocrx_word' id='word_1_143' title='bbox 839 1930 947 1989; x_wconf 89' lang='lat' dir='ltr'><strong>urbem</strong></span> <span class='ocrx_word' id='word_1_144' title='bbox 968 1930 1099 2005; x_wconf 88' lang='lat' dir='ltr'><strong>rediero,</strong></span> 
     </span>
     <span class='ocr_line' id='line_1_18' title="bbox 95 2035 764 2113; baseline -0.004 -16"><span class='ocrx_word' id='word_1_145' title='bbox 95 2037 300 2097; x_wconf 88' lang='lat' dir='ltr'><strong>contubernio</strong></span> <span class='ocrx_word' id='word_1_146' title='bbox 314 2041 421 2097; x_wconf 90' lang='lat' dir='ltr'><strong>nostro</strong></span> <span class='ocrx_word' id='word_1_147' title='bbox 435 2036 503 2096; x_wconf 89' lang='lat' dir='ltr'><strong>dies</strong></span> <span class='ocrx_word' id='word_1_148' title='bbox 519 2041 633 2113; x_wconf 90' lang='lat' dir='ltr'><strong>pereat.</strong></span> <span class='ocrx_word' id='word_1_149' title='bbox 677 2035 764 2096; x_wconf 86' lang='lat' dir='ltr'><strong>Vale.</strong></span> 
     </span>
    </p>
   </div>
   <div class='ocr_carea' id='block_1_3' title="bbox 502 2274 698 2356">
    <p class='ocr_par' dir='ltr' id='par_1_8' title="bbox 502 2274 698 2356">
     <span class='ocr_line' id='line_1_19' title="bbox 502 2274 698 2356; baseline -0.031 -18"><span class='ocrx_word' id='word_1_150' title='bbox 502 2277 555 2338; x_wconf 86' lang='lat' dir='ltr'><strong>eo.</strong></span> <span class='ocrx_word' id='word_1_151' title='bbox 581 2274 698 2356; x_wconf 76' lang='lat' dir='ltr'><strong>(xvi.)</strong></span> 
     </span>
    </p>
   </div>
   <div class='ocr_carea' id='block_1_4' title="bbox 294 2433 1008 2497">
    <p class='ocr_par' dir='ltr' id='par_1_9' title="bbox 294 2433 1008 2497">
     <span class='ocr_line' id='line_1_20' title="bbox 294 2433 1008 2497; baseline -0.003 -1"><span class='ocrx_word' id='word_1_152' title='bbox 294 2447 323 2497; x_wconf 83' lang='lat' dir='ltr'><strong>C.</strong></span> <span class='ocrx_word' id='word_1_153' title='bbox 347 2445 493 2496; x_wconf 87' lang='lat' dir='ltr'>PLINIUS</span> <span class='ocrx_word' id='word_1_154' title='bbox 516 2443 756 2494; x_wconf 75' lang='lat' dir='ltr'><strong>MARCELLINO</strong></span> <span class='ocrx_word' id='word_1_155' title='bbox 780 2443 848 2494; x_wconf 89' lang='lat' dir='ltr'><strong>SUO</strong></span> <span class='ocrx_word' id='word_1_156' title='bbox 871 2444 898 2494; x_wconf 87' lang='lat' dir='ltr'><strong>S.</strong></span> <span class='ocrx_word' id='word_1_157' title='bbox 997 2433 1008 2442; x_wconf 63' lang='grc'><strong>”</strong></span> 
     </span>
    </p>
   </div>
   <div class='ocr_carea' id='block_1_5' title="bbox 285 2605 915 2670">
    <p class='ocr_par' dir='ltr' id='par_1_10' title="bbox 285 2605 915 2670">
     <span class='ocr_line' id='line_1_21' title="bbox 285 2605 915 2670; baseline -0.008 -11"><span class='ocrx_word' id='word_1_158' title='bbox 285 2608 342 2660; x_wconf 77' lang='lat' dir='ltr'><strong>Sed</strong></span> <span class='ocrx_word' id='word_1_159' title='bbox 353 2609 431 2658; x_wconf 81' lang='lat' dir='ltr'><strong>death</strong></span> <span class='ocrx_word' id='word_1_160' title='bbox 444 2609 476 2670; x_wconf 82' lang='lat' dir='ltr'><strong>os</strong></span> <span class='ocrx_word' id='word_1_161' title='bbox 484 2605 661 2656; x_wconf 78' lang='lat' dir='ltr'><strong>Fundancs&#39;s</strong></span> <span class='ocrx_word' id='word_1_162' title='bbox 674 2619 763 2666; x_wconf 66' lang='lat' dir='ltr'><strong>porcae</strong></span> <span class='ocrx_word' id='word_1_163' title='bbox 776 2605 915 2667; x_wconf 66' lang='lat' dir='ltr'><strong>daughter.</strong></span> 
     </span>
    </p>
   </div>
   <div class='ocr_carea' id='block_1_6' title="bbox 59 2763 1187 3582">
    <p class='ocr_par' dir='ltr' id='par_1_11' title="bbox 59 2763 1150 3054">
     <span class='ocr_line' id='line_1_22' title="bbox 59 2763 1101 2838; baseline -0.008 -8"><span class='ocrx_word' id='word_1_164' title='bbox 59 2779 72 2823; x_wconf 93' lang='lat'>1</span> <span class='ocrx_word' id='word_1_165' title='bbox 135 2768 350 2830; x_wconf 85' lang='lat' dir='ltr'><strong>Tristissimus</strong></span> <span class='ocrx_word' id='word_1_166' title='bbox 371 2768 448 2827; x_wconf 90' lang='lat' dir='ltr'><strong>haec</strong></span> <span class='ocrx_word' id='word_1_167' title='bbox 465 2766 525 2825; x_wconf 88' lang='lat' dir='ltr'><strong>tibi</strong></span> <span class='ocrx_word' id='word_1_168' title='bbox 547 2765 655 2838; x_wconf 90' lang='lat' dir='ltr'><strong>scribo,</strong></span> <span class='ocrx_word' id='word_1_169' title='bbox 671 2763 817 2823; x_wconf 78' lang='lat' dir='ltr'><strong>Fundani</strong></span> <span class='ocrx_word' id='word_1_170' title='bbox 839 2763 938 2822; x_wconf 89' lang='lat' dir='ltr'><strong>nostri</strong></span> <span class='ocrx_word' id='word_1_171' title='bbox 960 2763 1027 2823; x_wconf 91' lang='lat' dir='ltr'><strong>filia</strong></span> <span class='ocrx_word' id='word_1_172' title='bbox 1047 2764 1101 2822; x_wconf 89' lang='lat' dir='ltr'><strong>mi-</strong></span> 
     </span>
     <span class='ocr_line' id='line_1_23' title="bbox 95 2868 1100 2949; baseline -0.007 -15"><span class='ocrx_word' id='word_1_173' title='bbox 95 2894 170 2934; x_wconf 87' lang='lat' dir='ltr'><strong>nore</strong></span> <span class='ocrx_word' id='word_1_174' title='bbox 188 2875 347 2948; x_wconf 85' lang='lat' dir='ltr'><strong>defuncta,</strong></span> <span class='ocrx_word' id='word_1_175' title='bbox 363 2892 426 2949; x_wconf 92' lang='lat' dir='ltr'><strong>qua</strong></span> <span class='ocrx_word' id='word_1_176' title='bbox 446 2871 553 2948; x_wconf 88' lang='lat' dir='ltr'><strong>puella</strong></span> <span class='ocrx_word' id='word_1_177' title='bbox 574 2869 655 2928; x_wconf 93' lang='lat' dir='ltr'><strong>nihil</strong></span> <span class='ocrx_word' id='word_1_178' title='bbox 678 2887 825 2945; x_wconf 88' lang='lat' dir='ltr'><strong>umquam</strong></span> <span class='ocrx_word' id='word_1_179' title='bbox 847 2868 1004 2943; x_wconf 84' lang='lat' dir='ltr'><strong>festivius,</strong></span> <span class='ocrx_word' id='word_1_180' title='bbox 1021 2888 1100 2928; x_wconf 82' lang='lat' dir='ltr'><strong>ama</strong></span> 
     </span>
     <span class='ocr_line' id='line_1_24' title="bbox 96 2973 1150 3054; baseline -0.005 -16"><span class='ocrx_word' id='word_1_181' title='bbox 96 2979 200 3054; x_wconf 91' lang='lat' dir='ltr'><strong>bilius,</strong></span> <span class='ocrx_word' id='word_1_182' title='bbox 220 2997 277 3038; x_wconf 89' lang='lat' dir='ltr'><strong>nec</strong></span> <span class='ocrx_word' id='word_1_183' title='bbox 300 2979 392 3037; x_wconf 93' lang='lat' dir='ltr'><strong>modo</strong></span> <span class='ocrx_word' id='word_1_184' title='bbox 413 2976 552 3052; x_wconf 92' lang='lat' dir='ltr'><strong>longiore</strong></span> <span class='ocrx_word' id='word_1_185' title='bbox 576 2975 643 3033; x_wconf 86' lang='lat' dir='ltr'><strong>vita</strong></span> <span class='ocrx_word' id='word_1_186' title='bbox 666 2975 720 3033; x_wconf 89' lang='lat' dir='ltr'><strong>sed</strong></span> <span class='ocrx_word' id='word_1_187' title='bbox 745 2992 841 3050; x_wconf 91' lang='lat' dir='ltr'><strong>prope</strong></span> <span class='ocrx_word' id='word_1_188' title='bbox 864 2973 1150 3038; x_wconf 75' lang='lat' dir='ltr'><strong>immortalitatem</strong></span> 
     </span>
    </p>

    <p class='ocr_par' dir='ltr' id='par_1_12' title="bbox 59 3077 1101 3264">
     <span class='ocr_line' id='line_1_25' title="bbox 59 3077 1099 3163; baseline -0.002 -24"><span class='ocrx_word' id='word_1_189' title='bbox 59 3095 74 3139; x_wconf 83' lang='lat'><strong>2</strong></span> <span class='ocrx_word' id='word_1_190' title='bbox 96 3083 222 3160; x_wconf 89' lang='lat' dir='ltr'><strong>dignius</strong></span> <span class='ocrx_word' id='word_1_191' title='bbox 237 3083 312 3142; x_wconf 90' lang='lat' dir='ltr'><strong>vidi.</strong></span> <span class='ocrx_word' id='word_1_192' title='bbox 355 3082 505 3141; x_wconf 88' lang='lat' dir='ltr'><strong>Nondum</strong></span> <span class='ocrx_word' id='word_1_193' title='bbox 520 3099 617 3138; x_wconf 92' lang='lat' dir='ltr'><strong>annos</strong></span> <span class='ocrx_word' id='word_1_194' title='bbox 633 3078 883 3155; x_wconf 89' lang='lat' dir='ltr'><strong>quattuordecim</strong></span> <span class='ocrx_word' id='word_1_195' title='bbox 904 3077 1099 3163; x_wconf 81' lang='lat' dir='ltr'><strong>impleverat,</strong></span> 
     </span>
     <span class='ocr_line' id='line_1_26' title="bbox 95 3167 1101 3264; baseline -0.005 -17"><span class='ocrx_word' id='word_1_196' title='bbox 95 3196 128 3247; x_wconf 88' lang='lat' dir='ltr'><strong>et</strong></span> <span class='ocrx_word' id='word_1_197' title='bbox 149 3189 213 3248; x_wconf 87' lang='lat' dir='ltr'><strong>iam</strong></span> <span class='ocrx_word' id='word_1_198' title='bbox 233 3188 282 3247; x_wconf 92' lang='lat' dir='ltr'><strong>illi</strong></span> <span class='ocrx_word' id='word_1_199' title='bbox 303 3187 397 3248; x_wconf 90' lang='lat' dir='ltr'><strong>anilis</strong></span> <span class='ocrx_word' id='word_1_200' title='bbox 419 3185 595 3264; x_wconf 91' lang='lat' dir='ltr'><strong>prudentia,</strong></span> <span class='ocrx_word' id='word_1_201' title='bbox 611 3167 794 3243; x_wconf 82' lang='lat' dir='ltr'><strong>matronalis</strong></span> <span class='ocrx_word' id='word_1_202' title='bbox 817 3183 955 3257; x_wconf 91' lang='lat' dir='ltr'><strong>gravitas</strong></span> <span class='ocrx_word' id='word_1_203' title='bbox 977 3189 1052 3258; x_wconf 89' lang='lat' dir='ltr'><strong>erat,</strong></span> <span class='ocrx_word' id='word_1_204' title='bbox 1068 3189 1101 3242; x_wconf 89' lang='lat' dir='ltr'><strong>et</strong></span> 
     </span>
    </p>

    <p class='ocr_par' dir='ltr' id='par_1_13' title="bbox 60 3287 1187 3582">
     <span class='ocr_line' id='line_1_27' title="bbox 60 3287 1101 3370; baseline -0.004 -20"><span class='ocrx_word' id='word_1_205' title='bbox 60 3300 202 3354; x_wconf 77' lang='lat' dir='ltr'><strong>stamen</strong></span> <span class='ocrx_word' id='word_1_206' title='bbox 217 3293 357 3354; x_wconf 88' lang='lat' dir='ltr'><strong>suavitas</strong></span> <span class='ocrx_word' id='word_1_207' title='bbox 379 3291 530 3370; x_wconf 89' lang='lat' dir='ltr'><strong>puellaris</strong></span> <span class='ocrx_word' id='word_1_208' title='bbox 552 3309 622 3348; x_wconf 91' lang='lat' dir='ltr'><strong>cum</strong></span> <span class='ocrx_word' id='word_1_209' title='bbox 642 3287 791 3364; x_wconf 90' lang='lat' dir='ltr'><strong>virginali</strong></span> <span class='ocrx_word' id='word_1_210' title='bbox 813 3287 1009 3346; x_wconf 90' lang='lat' dir='ltr'><strong>verecundia.</strong></span> <span class='ocrx_word' id='word_1_211' title='bbox 1054 3290 1101 3348; x_wconf 92' lang='lat' dir='ltr'><strong>Ut</strong></span> 
     </span>
     <span class='ocr_line' id='line_1_28' title="bbox 97 3392 1100 3477; baseline -0.007 -18"><span class='ocrx_word' id='word_1_212' title='bbox 97 3400 155 3459; x_wconf 91' lang='lat' dir='ltr'><strong>illa</strong></span> <span class='ocrx_word' id='word_1_213' title='bbox 168 3399 268 3477; x_wconf 92' lang='lat' dir='ltr'><strong>patris</strong></span> <span class='ocrx_word' id='word_1_214' title='bbox 282 3397 456 3458; x_wconf 83' lang='lat' dir='ltr'><strong>cervicibus</strong></span> <span class='ocrx_word' id='word_1_215' title='bbox 471 3394 670 3455; x_wconf 75' lang='lat' dir='ltr'><strong>inhaerebat!</strong></span> <span class='ocrx_word' id='word_1_216' title='bbox 692 3399 728 3452; x_wconf 92' lang='lat' dir='ltr'><strong>ut</strong></span> <span class='ocrx_word' id='word_1_217' title='bbox 742 3411 798 3452; x_wconf 92' lang='lat' dir='ltr'><strong>nos</strong></span> <span class='ocrx_word' id='word_1_218' title='bbox 816 3392 930 3452; x_wconf 88' lang='lat' dir='ltr'><strong>amicos</strong></span> <span class='ocrx_word' id='word_1_219' title='bbox 952 3397 1100 3469; x_wconf 89' lang='lat' dir='ltr'><strong>paternos</strong></span> 
     </span>
     <span class='ocr_line' id='line_1_29' title="bbox 96 3495 1187 3582; baseline -0.015 -18"><span class='ocrx_word' id='word_1_220' title='bbox 96 3511 129 3565; x_wconf 89' lang='lat' dir='ltr'><strong>et</strong></span> <span class='ocrx_word' id='word_1_221' title='bbox 150 3509 290 3564; x_wconf 88' lang='lat' dir='ltr'><strong>amanter</strong></span> <span class='ocrx_word' id='word_1_222' title='bbox 311 3509 343 3563; x_wconf 88' lang='lat' dir='ltr'><strong>et</strong></span> <span class='ocrx_word' id='word_1_223' title='bbox 362 3502 503 3563; x_wconf 87' lang='lat' dir='ltr'><strong>modeste</strong></span> <span class='ocrx_word' id='word_1_224' title='bbox 525 3499 816 3582; x_wconf 79' lang='lat' dir='ltr'><strong>complectebaturl</strong></span> <span class='ocrx_word' id='word_1_225' title='bbox 841 3503 884 3558; x_wconf 79' lang='lat' dir='ltr'><strong>ut</strong></span> <span class='ocrx_word' id='word_1_226' title='bbox 906 3495 1073 3562; x_wconf 70' lang='lat' dir='ltr'><strong>nutrices,</strong></span> <span class='ocrx_word' id='word_1_227' title='bbox 1085 3497 1133 3546; x_wconf 54' lang='lat' dir='ltr'><strong>sb</strong></span> <span class='ocrx_word' id='word_1_228' title='bbox 1148 3508 1187 3548; x_wconf 69' lang='lat' dir='ltr'><strong>‘rs</strong></span> 
     </span>
    </p>
   </div>
   <div class='ocr_carea' id='block_1_7' title="bbox 78 3584 1255 3696">
    <p class='ocr_par' dir='ltr' id='par_1_14' title="bbox 78 3584 1255 3696">
     <span class='ocr_line' id='line_1_30' title="bbox 78 3584 1255 3696; baseline -0.032 -15"><span class='ocrx_word' id='word_1_229' title='bbox 78 3606 287 3684; x_wconf 67' lang='lat' dir='ltr'><strong>paedagogos,</strong></span> <span class='ocrx_word' id='word_1_230' title='bbox 305 3614 343 3670; x_wconf 75' lang='lat' dir='ltr'><strong>ut</strong></span> <span class='ocrx_word' id='word_1_231' title='bbox 353 3617 588 3694; x_wconf 81' lang='lat' dir='ltr'><strong>praeceptores</strong></span> <span class='ocrx_word' id='word_1_232' title='bbox 604 3633 667 3696; x_wconf 93' lang='lat' dir='ltr'><strong>pro</strong></span> <span class='ocrx_word' id='word_1_233' title='bbox 683 3631 745 3675; x_wconf 90' lang='lat' dir='ltr'><strong>suo</strong></span> <span class='ocrx_word' id='word_1_234' title='bbox 766 3620 941 3690; x_wconf 58' lang='lat' dir='ltr'><strong>quemque</strong></span> <span class='ocrx_word' id='word_1_235' title='bbox 959 3595 1073 3659; x_wconf 60' lang='lat' dir='ltr'><strong>emese</strong></span> <span class='ocrx_word' id='word_1_236' title='bbox 1086 3584 1166 3644; x_wconf 49' lang='grc' dir='ltr'><strong>ὢν</strong></span> <span class='ocrx_word' id='word_1_237' title='bbox 1252 3626 1255 3669; x_wconf 67' lang='lat'>3</span> 
     </span>
    </p>
   </div>
   <div class='ocr_carea' id='block_1_8' title="bbox 0 0 1260 3870">
    <p class='ocr_par' dir='ltr' id='par_1_15' title="bbox 0 0 1260 3870">
     <span class='ocr_line' id='line_1_31' title="bbox 0 0 1260 3870; baseline 0 1"><span class='ocrx_word' id='word_1_238' title='bbox 0 0 1260 3870; x_wconf 95' lang='lat' dir='ltr'><strong> </strong></span> 
     </span>
    </p>
   </div>
  </div>
 </body>
</html>
