2512 3870
416 175 678 227 nrrsrumnmu
702 178 751 228 111.
774 179 814 229 19.
1072 167 1113 233 51

111 347 150 404 In
165 346 215 405 his
230 366 278 406 me
293 347 394 407 multa
409 348 590 423 sollicitant,
607 350 715 427 aliqua
728 364 784 410 nec
804 352 925 413 minora
946 354 1111 413 deterrent.

75 467 89 511 2
111 451 269 511 Sollicitat
282 453 418 528 primum
433 453 502 530 ipsa
516 454 717 531 pulchritudo
732 457 892 532 iungendi,
905 459 1018 517 deinde
1030 459 1113 536 quod

110 578 172 617 non
187 559 291 617 minus
305 559 384 618 utile
400 579 493 637 quam
507 561 729 638 voluptuosum
745 582 835 639 posse
850 570 983 642 utraque
1005 567 1113 625 eadem

110 683 212 741 opera,
228 665 337 724 eodem
353 665 467 724 viatico
487 666 631 740 invisere,
648 668 705 727 sub
726 669 835 728 eodem
856 678 1056 746 procuratore
1078 691 1113 731 ao
1167 733 1169 738 ,

110 788 208 848 paene
236 769 336 829 isdem
364 771 521 830 actoribus
549 771 672 847 habere,
695 792 790 832 unam
815 775 925 834 villam
953 776 1053 836 colere
1081 784 1148 836 ete

65 876 89 940 '3
109 893 228 950 ornare,
249 874 380 934 alteram
402 881 526 934 tantum
547 878 637 936 tueri.
681 879 770 939 Inest
791 880 865 939 huic
886 869 1113 958 computationi

111 986 253 1056 sumptus
278 980 495 1057 supellectilis,
518 989 662 1059 sumptus
684 984 876 1060 atriensium,
899 987 1112 1063 topiariorum,

109 1086 269 1145 fabrorum
292 1091 387 1162 atque
409 1087 505 1145 etiam
526 1089 680 1148 venatorii
703 1090 922 1167 instrumenti,
947 1112 1026 1169 qnae
1048 1094 1114 1170 plu-

110 1192 222 1251 rimum
238 1191 338 1251 refert
351 1211 449 1250 unum
463 1193 496 1250 in
511 1193 613 1253 locum
632 1196 774 1255 conferas
797 1215 837 1255 an
854 1197 888 1255 in
909 1197 1033 1258 diversa
1054 1199 1114 1258 dis

74 1319 89 1363 4
110 1315 229 1374 pergas.
273 1297 389 1356 Contra
402 1316 510 1357 vereor
524 1318 563 1358 ne
578 1299 621 1360 sit
635 1300 796 1360 incautum
810 1321 876 1360 rem
890 1308 955 1361 tam
969 1323 1113 1379 magnam
1135 1317 1163 1363 10

111 1403 211 1472 isdem
225 1403 475 1480 tempestatibus,
491 1405 591 1463 isdem
605 1406 729 1466 casibus
745 1407 891 1466 subdere:
916 1408 1016 1467 tutius
1030 1410 1114 1468 vide-

110 1515 162 1568 tur
183 1509 303 1569 incerta
323 1509 470 1568 fortunae
491 1511 723 1586 possessionum
739 1512 946 1573 varietatibus
968 1515 1111 1591 experiri.

110 1615 217 1674 Habet
238 1615 334 1673 etiam
355 1615 489 1673 multum
510 1616 717 1675 iucunditatis
739 1616 797 1676 soli
819 1617 959 1695 caelique
981 1620 1113 1678 mutatio

73 1744 89 1789 5
110 1720 241 1798 ipsaque
256 1719 313 1779 illa
327 1720 537 1796 peregrinatio
559 1721 641 1779 inter
663 1741 726 1781 sua.
746 1741 748 1745 ·
771 1722 849 1796 Iam,
865 1724 948 1799 quod
965 1724 1114 1784 delibera

110 1826 206 1886 tionis
220 1831 346 1885 nostrae
361 1832 456 1903 caput
471 1832 527 1901 est,
540 1826 606 1901 agri
619 1833 692 1886 sunt
707 1827 831 1886 fertiles
846 1828 979 1904 pingues
994 1831 1113 1906 aquosi,
1135 1846 1163 1890 15

110 1937 256 1992 constant
284 1932 403 2008 campis
424 1932 526 1990 vineis
552 1932 651 2006 silvie,
673 1951 752 2009 quae
781 1933 944 1992 materiam
965 1940 997 1993 et
1018 1953 1056 1993 ex
1078 1953 1115 1994 ea

74 2054 90 2100 6
111 2038 247 2097 reditum
262 2036 344 2097 sicut
358 2037 515 2096 modicum
537 2038 582 2096 ita
604 2043 722 2097 statum
741 2043 911 2114 praestant.
956 2040 1017 2099 Sed
1038 2040 1114 2099 haec

110 2143 248 2202 felicitas
262 2149 364 2203 terrae
378 2142 546 2202 imbecillis
561 2142 732 2203 cultoribus
747 2143 909 2218 fatigatur.
949 2145 1033 2203 Nam
1048 2164 1115 2222 pos-

112 2267 213 2307 sessor
240 2247 326 2325 prior
355 2248 480 2325 saepius
502 2248 646 2307 vendidit
673 2249 812 2325 pignora,
835 2254 867 2307 et
891 2250 965 2308 drun
993 2250 1115 2327 reliqua

111 2355 291 2413 colonorum
304 2353 420 2412 minuit
435 2354 475 2412 ad
489 2359 621 2431 tempus,
637 2353 721 2412 vires
736 2354 768 2411 in
784 2360 942 2430 posterum
958 2355 1113 2430 exhausit,
1135 2371 1164 2415 20

76 2478 91 2524 'l
112 2478 244 2537 quarum
260 2458 435 2518 defectione
457 2478 564 2518 rursus
586 2459 707 2535 reliqua
727 2465 901 2518 creverunt.
945 2461 1025 2519 Sunt
1042 2480 1115 2536 ergo

112 2564 290 2624 instruendi
305 2583 341 2622 eo
356 2563 463 2641 pluris,
471 2564 552 2640 quod
569 2563 654 2638 frugi
669 2563 852 2640 mancipiis:
875 2584 948 2649 nam
969 2583 1025 2624 nec
1047 2566 1114 2643 ipse

112 2689 245 2747 usquam
266 2669 388 2729 vinctos
416 2668 516 2728 habeo
543 2687 600 2727 nec
625 2668 669 2727 ibi
691 2668 866 2745 quisquam.
910 2671 1059 2746 Superest
1079 2676 1115 2729 ut

114 2775 193 2834 scias
215 2774 327 2852 quanti
348 2774 516 2832 videantur
536 2792 626 2850 posse
648 2772 725 2848 emi;
749 2774 894 2832 sestertio
915 2775 1031 2849 tricies,
1053 2795 1116 2834 non

114 2881 272 2958 quianon
300 2880 469 2957 aliquando
491 2879 700 2956 quinquagies
722 2879 852 2954 fuerint,
873 2899 982 2938 verum
1004 2887 1036 2939 et
1056 2881 1115 2940 hac
1136 2899 1165 2944 25

113 2973 245 3064 penuria
265 2985 443 3045 colonorum
466 2989 498 3042 et
519 2985 676 3043 communi
703 2984 853 3062 temporis
882 2985 1051 3062 iniquitate
1079 2993 1116 3044 ut

79 3092 233 3151 creditus
255 3110 398 3166 agrorum
415 3090 459 3148 sic
477 3090 573 3149 etiam
594 3089 730 3166 pretium
752 3094 835 3148 retro
857 3089 953 3170 abiit„
986 3091 1116 3160 Quaeris

114 3217 154 3276 an
168 3197 226 3255 hoc
241 3196 345 3272 ipsum
360 3195 466 3254 tricies
488 3195 582 3253 facile
603 3195 749 3269 colligere
764 3194 945 3271 possimus?
968 3214 1036 3254 sum
1051 3195 1117 3272 qui-

115 3303 185 3361 dem
206 3320 302 3378 prope
323 3306 409 3359 totus
431 3299 465 3357 in
485 3300 632 3376 praediis
649 3298 770 3375 aliquid
784 3304 891 3358 tamen
905 3300 1041 3374 faenero,
1060 3319 1116 3359 nec

29 3430 55 3503 b
114 3407 280 3465 molestum
297 3405 359 3464 erit
373 3405 527 3480 mutuari3
551 3405 701 3482 accipiam
717 3423 736 3463 a
750 3423 848 3479 socru,
864 3405 952 3464 ouius
971 3424 1042 3465 arca
1056 3425 1117 3464 non
1137 3422 1165 3466 30

79 3529 95 3572 e
114 3509 252 3569 secus'ac
264 3530 334 3570 mea
349 3516 426 3585 utor.
471 3511 611 3574 Proinde
623 3512 687 3574 lroo
699 3517 734 3573 te
748 3531 817 3572 non
827 3516 976 3582 moueat,
985 3509 1020 3566 s'x
1037 3512 1152 3562 astera

96 3630 160 3668 non
187 3615 404 3697 sflflagasstur,
434 3641 522 3702 quae
546 3624 652 3687 velim
675 3643 784 3706 quam
810 3611 1082 3696 surgentem
1107 3613 1185 3654 mr
1241 3624 1248 3669 i
