2512 3870
89 170 110 228 4
520 181 549 232 C.
567 182 666 231 PLINI

91 351 251 422 ‘Quaeris'
272 352 400 430 inquam
424 353 514 430 ‘quid
535 354 685 413 sentiam:
709 359 742 413 at
763 372 819 429 ego
840 372 879 412 ne
900 354 1090 429 interrogare
1111 373 1125 417 7

90 458 216 535 quidem
240 458 290 518 fas
312 464 388 536 puto
410 459 448 517 de
469 479 530 536 quo
551 459 785 536 pronuntiatum
809 460 875 518 est'
915 458 1089 519 Conticuit:

89 582 138 622 me
160 564 228 624 laus
250 569 282 622 et
304 564 472 638 gratulatio
492 570 598 624 secuta
617 569 673 631 est,
689 565 772 641 quod
787 583 842 623 neo
857 565 975 623 famam
990 582 1089 622 meam

79 668 195 745 aliquo
209 688 367 746 response,
383 670 455 728 utili
469 671 613 744 fortasse,
628 669 794 729 inhonesto
809 675 924 743 tamen,
940 668 1090 729 laeseram

54 788 69 834 o
89 792 145 832 nec
160 793 209 832 me
224 774 344 847 lammis
359 780 424 833 tam
436 775 604 834 insidiosae
619 774 873 850 interrogationis
887 774 1088 833 involverem.

88 880 181 965 Nunc
210 898 282 955 ergo
311 880 502 940 conscientia
530 879 698 940 exterritus
728 879 936 956 adprehendit
964 879 1124 940 Caecili-8

88 1004 143 1043 um
171 985 320 1061 Celerem,
349 1005 421 1044 mox
449 985 581 1048 Fabium
612 985 745 1060 Iustum,
774 990 863 1059 rogat
889 989 925 1043 ut
952 1003 1001 1043 me
1030 984 1089 1043 sibi

89 1070 300 1150 reconcilient.
313 1070 334 1141 ’ἒ
352 1091 420 1148 Nec
444 1095 618 1165 contentus,
644 1090 787 1166 pervenit
815 1090 855 1148 ad
883 1089 1088 1166 Spurinnam:

90 1196 163 1255 huie
183 1195 375 1273 suppliciter,
397 1200 433 1253 ut
454 1176 502 1254 est
522 1214 593 1253 oum
612 1195 703 1254 timet
723 1194 960 1268 abiectissimus,
984 1195 1088 1269 ‘rogo'

41 1317 70 1363 10
90 1301 193 1379 inquit
209 1307 216 1336 ‘
224 1320 314 1361 mane
328 1300 436 1361 videas
448 1300 587 1359 Plinium
599 1300 691 1374 domi,
702 1301 757 1360 sed
771 1300 864 1378 plane
875 1318 965 1358 mane
977 1299 1089 1377 (neque
1140 1364 1147 1372 ,

90 1408 173 1467 enim
201 1407 320 1466 diutius
348 1407 430 1465 ferre
458 1405 703 1465 sollicitudinem
730 1392 881 1486 possum),
907 1411 938 1464 et
966 1424 1090 1482 quoquo

89 1514 181 1572 modo
198 1512 312 1572 efficias
327 1530 366 1570 ne
381 1510 459 1570 mihi
477 1511 647 1570 irascatur!
689 1511 937 1586 Evigilaveram:
960 1510 1089 1569 nuntius
1110 1522 1125 1566 9

90 1640 108 1680 a
128 1619 300 1697 Spurinna:
328 1617 433 1676 ‘venio
455 1617 495 1676 ad
516 1618 566 1675 te.'
607 1616 724 1675 ‘Immo
743 1635 800 1692 ego
819 1617 859 1675 ad
877 1617 928 1675 te.'
964 1615 1089 1676 Coimus

89 1726 123 1784 in
147 1724 274 1807 p-ogticu¹
295 1723 414 1797 Liviae,
445 1741 515 1781 cum
543 1722 623 1782 alter
650 1722 691 1781 ad
719 1722 853 1781 alterum
881 1722 1108 1780 tenderemus,-

41 1848 69 1892 15
89 1831 230 1908 Exponit
250 1829 365 1904 Reguli
386 1829 542 1902 mandata,
566 1828 655 1887 addit
676 1846 782 1905 preces
805 1847 886 1901 suas,
904 1833 940 1886 ut
961 1827 1107 1886 decebat'

40 1917 42 1921 ⁷
90 1936 243 2014 optimum
270 1934 372 1993 virum
395 1933 815 2019 prodissimillin10,paree.
868 1932 927 1993 Cui
954 1951 1011 2008 ego
1033 1931 1091 1990 ‘di-
1111 1947 1139 1991 10

90 2042 202 2120 spicios
218 2042 285 2118 ipse
300 2039 377 2117 quid
388 2039 629 2097 renuntiandum
642 2038 763 2112 Regulo
777 2043 885 2115 putes:
908 2043 941 2096 te
956 2037 1092 2114 decipis

89 2166 139 2206 me
156 2166 219 2206 non
235 2149 365 2222 oportet.
408 2144 549 2220 Expecto
569 2142 759 2221 llauricurn’
776 2143 927 2221 (nondum
943 2142 981 2201 ab
996 2142 1091 2200 exilio
1163 2203 1165 2209 ,

90 2254 246 2330 venerat):
263 2250 348 2308 ‘ideo
363 2248 443 2307 nihil
459 2248 642 2306 alterutram
654 2247 687 2304 in
698 2252 818 2324 partem
831 2247 1016 2324 respondere
1031 2247 1090 2306 tibi

40 2376 70 2421 ao
89 2377 225 2436 possum,
249 2356 390 2414 facturus
413 2353 568 2430 quidquid
592 2352 646 2411 ille
671 2352 860 2428 decreverit3
890 2352 981 2410 illum
1007 2353 1090 2411 enim

89 2482 157 2524 esse
181 2461 275 2520 huius
298 2458 421 2519 consilii
444 2459 563 2532 ducem,
585 2475 634 2516 me
655 2457 800 2516 comitem
822 2458 929 2516 decet!
971 2459 1090 2517 Paucos
1111 2475 1139 2521 11

89 2573 160 2646 post
182 2567 249 2626 dies
269 2565 337 2642 ipse
359 2582 408 2622 me
430 2563 569 2638 Regulus
588 2562 740 2641 Qlssllil-
754 2582 790 2643 m
805 2563 958 2649 praetoris
973 2562 1088 2639 officie:

89 2674 165 2733 illuc
186 2675 368 2749 persecutus
389 2674 551 2743 §QEQ
559 2667 660 2745 petit:
684 2668 730 2727 ait
748 2668 859 2727 timere
877 2687 909 2727 se
928 2687 967 2727 ne
987 2668 1090 2747 animo

89 2798 158 2863 meo
176 2777 310 2859 penitus,
326 2775 471 2843 haereret
493 2775 576 2851 quod
598 2774 632 2832 in
655 2772 872 2833 centumvirali
897 2773 1013 2832 iudicio
1037 2773 1091 2832 ali-

39 2906 69 2952 25
86 2860 214 2963 Ι(1111111110
239 2881 379 2956 dixisset,
401 2899 471 2939 eum
492 2852 693 2957 responderet
715 2879 794 2937 mihi
816 2885 848 2939 et
870 2879 972 2939 Satrio
994 2879 1089 2953 Rufe,

57 3055 59 3059 ,
90 2982 230 3050 ‘Satrius
250 2987 364 3061 Rufus,
382 2986 432 3045 cui
453 3004 516 3044 non
537 2990 585 3044 est
605 3004 675 3044 curn
698 2985 845 3044 Cicerone
866 2984 1043 3057 aemulatio
1059 2989 1091 3042 et

47 3173 50 3179 Ι
89 3095 143 3173 qui
167 3098 332 3154 contentus
356 3096 404 3151 est
426 3090 605 3169 eloquentia
628 3090 744 3150 saeculi
767 3090 886 3150 nostri!
909 3088 1090 3167 :Respondi
1111 3106 1139 3150 12

88 3219 171 3260 nune
191 3217 240 3258 me
262 3197 444 3274 intellegere
465 3195 601 3271 maligne
618 3195 747 3270 dictum,
762 3196 838 3272 quia
850 3195 919 3272 ipse
933 3194 1090 3253 eonfitere-

89 3313 159 3382 tur;
199 3310 335 3365 ceterum
371 3302 510 3380 potuisse
545 3301 759 3367 honorificum¹
781 3300 964 3361 existimari.
1012 3301 1090 3359 ‘Est
1174 3356 1176 3360 a

38 3433 68 3480 so
88 3412 188 3472 enim'
211 3409 339 3487 inquam
364 3407 462 3466 ‘mihi
483 3426 553 3466 eum
576 3406 723 3466 Cicerone
745 3406 920 3480 aemulatiO,
943 3425 999 3465 nec
1021 3425 1089 3465 sum

69 3520 244 3575 contentus
265 3512 459 3593 eloquentia
474 3511 592 3575 saeculi
611 3511 724 3573 nostri.
761 3511 851 3570 llam
869 3510 1093 3569 stultissimum
1110 3525 1139 3568 is

47 3616 149 3674 credo
157 3618 206 3677 ad
219 3619 426 3683 imitandum
442 3642 511 3684 non
527 3620 657 3702 optima
666 3633 817 3700 quaeque
826 3624 1024 3692 proponere:
1048 3610 1120 3666 aad
